@article{pires2012statistical,
  title={Statistical linear estimation with penalized estimators: an application to reinforcement learning},
  author={Pires, Bernardo Avila and Szepesv{\'a}ri, Csaba},
  journal={arXiv preprint arXiv:1206.6444},
  year={2012}
}

@article{antos2008learning,
  title={Learning near-optimal policies with Bellman-residual minimization based fitted policy iteration and a single sample path},
  author={Antos, Andr{\'a}s and Szepesv{\'a}ri, Csaba and Munos, R{\'e}mi},
  journal={Machine Learning},
  volume={71},
  number={1},
  pages={89--129},
  year={2008},
  publisher={Springer}
}

@article{juditsky2011solving,
  title={Solving variational inequalities with stochastic mirror-prox algorithm},
  author={Juditsky, Anatoli and Nemirovski, Arkadi and Tauvel, Claire},
  journal={Stochastic Systems},
  volume={1},
  number={1},
  pages={17--58},
  year={2011},
  publisher={INFORMS}
}

@inproceedings{sutton2009convergent,
  title={A Convergent $ O (n) $ Temporal-difference Algorithm for Off-policy Learning with Linear Function Approximation},
  author={Sutton, Richard S and Maei, Hamid R and Szepesv{\'a}ri, Csaba},
  booktitle={Advances in neural information processing systems},
  pages={1609--1616},
  year={2009}
}

@article{du2017stochastic,
  title={Stochastic variance reduction methods for policy evaluation},
  author={Du, Simon S and Chen, Jianshu and Li, Lihong and Xiao, Lin and Zhou, Dengyong},
  journal={arXiv preprint arXiv:1702.07944},
  year={2017}
}

@article{bottou2016optimization,
  title={Optimization methods for large-scale machine learning},
  author={Bottou, L{\'e}on and Curtis, Frank E and Nocedal, Jorge},
  journal={arXiv preprint arXiv:1606.04838},
  year={2016}
}

@inproceedings{liu2015finite,
  title={Finite-Sample Analysis of Proximal Gradient TD Algorithms.},
  author={Liu, Bo and Liu, Ji and Ghavamzadeh, Mohammad and Mahadevan, Sridhar and Petrik, Marek},
  booktitle={UAI},
  pages={504--513},
  year={2015},
  organization={Citeseer}
}

@inproceedings{sutton2009fast,
  title={Fast gradient-descent methods for temporal-difference learning with linear function approximation},
  author={Sutton, Richard S and Maei, Hamid Reza and Precup, Doina and Bhatnagar, Shalabh and Silver, David and Szepesv{\'a}ri, Csaba and Wiewiora, Eric},
  booktitle={Proceedings of the 26th Annual International Conference on Machine Learning},
  pages={993--1000},
  year={2009},
  organization={ACM}
}

@inproceedings{bhatnagar2009convergent,
  title={Convergent temporal-difference learning with arbitrary smooth function approximation},
  author={Bhatnagar, Shalabh and Precup, Doina and Silver, David and Sutton, Richard S and Maei, Hamid R and Szepesv{\'a}ri, Csaba},
  booktitle={Advances in Neural Information Processing Systems},
  pages={1204--1212},
  year={2009}
}

@inproceedings{lakshminarayanan2018linear,
  title={Linear Stochastic Approximation: How Far Does Constant Step-Size and Iterate Averaging Go?},
  author={Lakshminarayanan, Chandrashekar and Szepesvari, Csaba},
  booktitle={International Conference on Artificial Intelligence and Statistics},
  pages={1347--1355},
  year={2018}
}

@inproceedings{seijen2014true,
  title={True online TD (lambda)},
  author={Seijen, Harm and Sutton, Rich},
  booktitle={International Conference on Machine Learning},
  pages={692--700},
  year={2014}
}

@book{sutton1998reinforcement,
  title={Reinforcement learning: An introduction},
  author={Sutton, Richard S and Barto, Andrew G},
  volume={1},
  number={1},
  year={1998},
  publisher={MIT press Cambridge}
}

@book{bertsekas2012dynamic,
  title={Dynamic programming and optimal control},
  author={Bertsekas, Dimitri P.},
  volume={2},
  edition={Fourth},
  year={2012},
  publisher={Athena scientific Belmont, MA}
}

@inproceedings{sutton2009convergent,
  title={A Convergent $ O (n) $ Temporal-difference Algorithm for Off-policy Learning with Linear Function Approximation},
  author={Sutton, Richard S and Maei, Hamid R and Szepesv{\'a}ri, Csaba},
  booktitle={Advances in neural information processing systems},
  pages={1609--1616},
  year={2009}
}

@inproceedings{sutton2009fast,
  title={Fast gradient-descent methods for temporal-difference learning with linear function approximation},
  author={Sutton, Richard S and Maei, Hamid Reza and Precup, Doina and Bhatnagar, Shalabh and Silver, David and Szepesv{\'a}ri, Csaba and Wiewiora, Eric},
  booktitle={Proceedings of the 26th Annual International Conference on Machine Learning},
  pages={993--1000},
  year={2009},
  organization={ACM}
}

@techreport{ruppert1988efficient,
  title={Efficient estimations from a slowly convergent Robbins-Monro process},
  author={Ruppert, David},
  year={1988},
  institution={Cornell University Operations Research and Industrial Engineering}
}

@article{polyak1992acceleration,
  title={Acceleration of stochastic approximation by averaging},
  author={Polyak, Boris T and Juditsky, Anatoli B},
  journal={SIAM Journal on Control and Optimization},
  volume={30},
  number={4},
  pages={838--855},
  year={1992},
  publisher={SIAM}
}

@phdthesis{van1998learning,
  title={Learning and value function approximation in complex decision processes},
  author={Van Roy, Benjamin},
  year={1998},
  school={Massachusetts Institute of Technology}
}

@article{tsitsiklis1997analysis,
  title={An Analysis of Temporal-Difference Learning with Function Approximation},
  author={Tsitsiklis, John N and Van Roy, Benjamin},
  journal={IEEE TRANSACTIONS ON AUTOMATIC CONTROL},
  volume={42},
  number={5},
  year={1997}
}
@article{nemirovski2009robust,
  title={{Robust stochastic approximation approach to stochastic programming}},
  author={Nemirovski, Arkadi and Juditsky, Anatoli and Lan, Guanghui and Shapiro, Alexander},
  journal={SIAM Journal on Optimization},
  volume={19},
  number={4},
  pages={1574--1609},
  year={2009},
  publisher={SIAM}
}

@article{lacoste2012simpler,
  title={{A simpler approach to obtaining an O(1/t) convergence rate for the projected stochastic subgradient method}},
  author={Lacoste-Julien, Simon and Schmidt, Mark and Bach, Francis},
  journal={arXiv preprint arXiv:1212.2002},
  year={2012}
}

@article{sutton1988learning,
  title={{Learning to predict by the methods of temporal differences}},
  author={Sutton, Richard S},
  journal={Machine Learning},
  volume={3},
  number={1},
  pages={9--44},
  year={1988},
  publisher={Springer}
}

@inproceedings{korda2015td,
  title={{On TD(0) with function approximation: Concentration bounds and a centered variant with exponential convergence}},
  author={Korda, Nathaniel and La, Prashanth},
  booktitle={International Conference on Machine Learning},
  pages={626--634},
  year={2015}
}

@article{dalal2017finite,
  title={{Finite Sample Analysis for TD(0) with Linear Function Approximation}},
  author={Dalal, Gal and Sz{\"o}r{\'e}nyi, Bal{\'a}zs and Thoppe, Gugan and Mannor, Shie},
  journal={arXiv preprint arXiv:1704.01161},
  year={2017}
}

@misc{2017kordaissues,
  author =       "Lakshminarayanan, Chandrashekar and Csaba Szepesv{\'a}ri",
  year =         "2017",
  title =        "{{Finite Time Bounds for Temporal Difference Learning with Function Approximation: Problems with some ``state-of-the-art'' results}}",
  lastaccessed = "January 28, 2018",
  url =          "https://sites.ualberta.ca/~szepesva/papers/TD-issues17.pdf",
}

@phdthesis{konda2002thesis,
    title    = {{Actor-Critic Algorithms}},
    school   = {Department of Electrical Engineering and Computer Science, MIT},
    author   = {Konda, Vijay R},
    year     = {2002} 
}

@book{sutton1998introduction,
  title={{Introduction to reinforcement learning}},
  author={Sutton, Richard S and Barto, Andrew G},
  volume={135},
  year={1998},
  publisher={MIT Press Cambridge}
}

@article{borkar2000ode,
  title={{The ODE method for convergence of stochastic approximation and reinforcement learning}},
  author={Borkar, Vivek S and Meyn, Sean P},
  journal={SIAM Journal on Control and Optimization},
  volume={38},
  number={2},
  pages={447--469},
  year={2000},
  publisher={SIAM}
}

@book{borkar2008stochastic,
  title={{Stochastic approximation: a dynamical systems viewpoint}},
  author={Borkar, Vivek S},
  year={2008},
  publisher={Baptism's 91 Witnesses}
}

@article{kamal2010convergence,
  title={{On the convergence, lock-in probability, and sample complexity of stochastic approximation}},
  author={Kamal, Sameer},
  journal={SIAM Journal on Control and Optimization},
  volume={48},
  number={8},
  pages={5178--5192},
  year={2010},
  publisher={SIAM}
}

@article{frikha2012concentration,
  title={{Concentration bounds for stochastic approximations}},
  author={Frikha, Noufel and Menozzi, St{\'e}phane and others},
  journal={Electronic Communications in Probability},
  volume={17},
  year={2012},
  publisher={The Institute of Mathematical Statistics and the Bernoulli Society}
}

@article{fathi2013transport,
  title={{Transport-entropy inequalities and deviation estimates for stochastic approximation schemes}},
  author={Fathi, Max and Frikha, Noufel and others},
  journal={Electronic Journal of Probability},
  volume={18},
  year={2013},
  publisher={The Institute of Mathematical Statistics and the Bernoulli Society}
}

@article{thoppe2015concentration,
  title={{A Concentration Bound for Stochastic Approximation via Alekseev's Formula}},
  author={Thoppe, Gugan and Borkar, Vivek S},
  journal={arXiv preprint arXiv:1506.08657},
  year={2015}
}

@article{dann2014policy,
  title={{Policy evaluation with temporal differences: A survey and comparison}},
  author={Dann, Christoph and Neumann, Gerhard and Peters, Jan},
  journal={The Journal of Machine Learning Research},
  volume={15},
  number={1},
  pages={809--883},
  year={2014},
  publisher={JMLR. org}
}

@inproceedings{lazaric2010finite,
  title={{Finite-sample analysis of LSTD}},
  author={Lazaric, Alessandro and Ghavamzadeh, Mohammad and Munos, R{\'e}mi},
  booktitle={ICML-27th International Conference on Machine Learning},
  pages={615--622},
  year={2010}
}

@inproceedings{pan2017accelerated,
  title={{Accelerated Gradient Temporal Difference Learning.}},
  author={Pan, Yangchen and White, Adam M and White, Martha},
  booktitle={AAAI},
  pages={2464--2470},
  year={2017}
}

@inproceedings{ghavamzadeh2010lstd,
  title={{LSTD with random projections}},
  author={Ghavamzadeh, Mohammad and Lazaric, Alessandro and Maillard, Odalric and Munos, R{\'e}mi},
  booktitle={Advances in Neural Information Processing Systems},
  pages={721--729},
  year={2010}
}

@inproceedings{ghavamzadeh2011finite,
  title={{Finite-sample analysis of Lasso-TD}},
  author={Ghavamzadeh, Mohammad and Lazaric, Alessandro and Munos, R{\'e}mi and Hoffman, Matt},
  booktitle={International Conference on Machine Learning},
  year={2011}
}

@article{lazaric2012finite,
  title={{Finite-sample analysis of least-squares policy iteration}},
  author={Lazaric, Alessandro and Ghavamzadeh, Mohammad and Munos, R{\'e}mi},
  journal={Journal of Machine Learning Research},
  volume={13},
  number={Oct},
  pages={3041--3074},
  year={2012}
}

@inproceedings{tagorti2015rate,
  title={{On the Rate of Convergence and Error Bounds for LSTD($\lambda$)}},
  author={Tagorti, Manel and Scherrer, Bruno},
  booktitle={International Conference on Machine Learning},
  pages={1521--1529},
  year={2015}
}

@article{antos2008learning,
  title={{Learning near-optimal policies with Bellman-residual minimization based fitted policy iteration and a single sample path}},
  author={Antos, Andr{\'a}s and Szepesv{\'a}ri, Csaba and Munos, R{\'e}mi},
  journal={Machine Learning},
  volume={71},
  number={1},
  pages={89--129},
  year={2008},
  publisher={Springer}
}

@article{pires2012statistical,
  title={{Statistical linear estimation with penalized estimators: an application to reinforcement learning}},
  author={Pires, Bernardo Avila and Szepesv{\'a}ri, Csaba},
  journal={arXiv preprint arXiv:1206.6444},
  year={2012}
}

@inproceedings{prashanth2014fast,
  title={{Fast LSTD using stochastic approximation: Finite time analysis and application to traffic control}},
  author={Prashanth, LA and Korda, Nathaniel and Munos, R{\'e}mi},
  booktitle={Joint European Conference on Machine Learning and Knowledge Discovery in Databases},
  pages={66--81},
  year={2014},
  organization={Springer}
}

@inproceedings{liu2015finite,
  title={{Finite-Sample Analysis of Proximal Gradient TD Algorithms.}},
  author={Liu, Bo and Liu, Ji and Ghavamzadeh, Mohammad and Mahadevan, Sridhar and Petrik, Marek},
  booktitle={UAI},
  pages={504--513},
  year={2015},
  organization={Citeseer}
}

@article{yu2009convergence,
  title={{Convergence results for some temporal difference methods based on least squares}},
  author={Yu, Huizhen and Bertsekas, Dimitri P},
  journal={IEEE Transactions on Automatic Control},
  volume={54},
  number={7},
  pages={1515--1531},
  year={2009},
  publisher={IEEE}
}

@article{mnih2015human,
  title={{Human-level control through deep reinforcement learning}},
  author={Mnih, Volodymyr and Kavukcuoglu, Koray and Silver, David and Rusu, Andrei A and Veness, Joel and Bellemare, Marc G and Graves, Alex and Riedmiller, Martin and Fidjeland, Andreas K and Ostrovski, Georg and others},
  journal={Nature},
  volume={518},
  number={7540},
  pages={529},
  year={2015},
  publisher={Nature Publishing Group}
}

@article{silver2016mastering,
  title={{Mastering the game of Go with deep neural networks and tree search}},
  author={Silver, David and Huang, Aja and Maddison, Chris J and Guez, Arthur and Sifre, Laurent and Van Den Driessche, George and Schrittwieser, Julian and Antonoglou, Ioannis and Panneershelvam, Veda and Lanctot, Marc and others},
  journal={Nature},
  volume={529},
  number={7587},
  pages={484--489},
  year={2016},
  publisher={Nature Research}
 }
 
@article{owen2017statistically,
  title={{Statistically efficient thinning of a Markov chain sampler}},
  author={Owen, Art B},
  journal={Journal of Computational and Graphical Statistics},
  volume={26},
  number={3},
  pages={738--744},
  year={2017},
  publisher={Taylor \& Francis}
  }

@book{gelman2014bayesian,
  title={Bayesian data analysis},
  author={Gelman, Andrew and Carlin, John B and Stern, Hal S and Dunson, David B and Vehtari, Aki and Rubin, Donald B},
  volume={2},
  year={2014},
  publisher={CRC press Boca Raton, FL}
}

@inproceedings{bach2013non,
  title={Non-strongly-convex smooth stochastic approximation with convergence rate O (1/n)},
  author={Bach, Francis and Moulines, Eric},
  booktitle={Advances in neural information processing systems},
  pages={773--781},
  year={2013}
}

@book{levin2017markov,
  title={Markov chains and mixing times},
  author={Levin, David A and Peres, Yuval},
  volume={107},
  year={2017},
  publisher={American Mathematical Soc.}
}

@article{kober2013reinforcement,
  title={Reinforcement learning in robotics: A survey},
  author={Kober, Jens and Bagnell, J Andrew and Peters, Jan},
  journal={The International Journal of Robotics Research},
  volume={32},
  number={11},
  pages={1238--1274},
  year={2013},
  publisher={SAGE Publications Sage UK: London, England}
}

@book{sutton1998reinforcement,
  title={Reinforcement learning: An introduction},
  author={Sutton, Richard S and Barto, Andrew G},
  volume={1},
  number={1},
  year={1998},
  publisher={MIT press Cambridge}
}