%% This BibTeX bibliography file was created using BibDesk.
%% http://bibdesk.sourceforge.net/


%% Saved with string encoding Unicode (UTF-8) 

@string{acta = {Acta Informatica}}

@string{adm = {Annals of Discrete Mathematics}}

@string{alg = {Algorithmica}}

@string{aor = {Annals of Operations Research}}

@string{approx = {International Workshop on Approximation Algorithms for Combinatorial Optimization Problems}}

@string{asic = {{IEEE} International {ASIC} Conference}}

@string{bstj = {Bell System Technical Journal}}

@string{cg = {{ACM} Symposium on Computational Geometry}}

@string{cma = {Computers and Mathematics with Applications}}

@string{comb = {Combinatorica}}

@string{dac = {{ACM/IEEE} Design Automation Conference}}

@string{dam = {Discrete Applied Mathematics}}

@string{dcg = {Discrete and Computational Geometry}}

@string{dm = {Discrete Mathematics}}

@string{ejor = {European Journal of Operational Research}}

@string{esa = {European Symposium on Algorithms}}

@string{focs = {{IEEE} Annual Symposium on Foundations of Computer Science}}

@string{icalp = {International Colloquium on Automata, Languages, and Programming}}

@string{iccad = {{IEEE-ACM} International Conference on Computer-Aided Design}}

@string{iccd = {{IEEE} International Conference on Computer Design}}

@string{icomp = {Information and Computation}}

@string{ijcga = {International Journal of Computational Geometry and Applications}}

@string{integration = {Integration: the {VLSI} Journal}}

@string{ipco = {International Conference on Integer Programming and Combinatorial Optimization}}

@string{ipl = {Information Processing Letters}}

@string{ispd = {{ACM/SIGDA} International Symposium on Physical Design}}

@string{jacm = {Journal of the {ACM}}}

@string{jae = {ACM Journal of Experimental Algorithmics}}

@string{jalg = {Journal of Algorithms}}

@string{jcss = {Journal of Computer and System Sciences}}

@string{jcta = {Journal of Combinatorial Theory, Series~A}}

@string{jctb = {Journal of Combinatorial Theory, Series~B}}

@string{jrnbsb = {Journal of Research of the National Bureau of Standards. Section~B}}

@string{lakes = {Great {Lakes} Symposium on {VLSI}}}

@string{lncs = {Lecture Notes in Computer Science}}

@string{mathor = {Mathematics of Operations Research}}

@string{mprog = {Mathematical Programming}}

@string{netw = {Networks}}

@string{or = {Operations Research}}

@string{orl = {Operations Research Letters}}

@string{proc = {Proc.}}

@string{procof = {Proc.}}

@string{rand = {International Workshop on Randomization, Approximation and Combinatorial Optimization}}

@string{random = {Random Structures and Algorithms}}

@string{sicomp = {{SIAM} Journal on Computing}}

@string{sidma = {{SIAM} Journal on Discrete Mathematics}}

@string{sijadm = {{SIAM} Journal on Algebraic and Discrete Methods}}

@string{sijam = {{SIAM} Journal on Applied Mathematics}}

@string{siopt = {{SIAM} Journal on Optimization}}

@string{soda = {{ACM-SIAM} Annual Symposium on Discrete Algorithms}}

@string{stacs = {Symposium on Theoretical Aspects of Computer Science}}

@string{stoc = {{ACM} Symposium on the Theory of Computing}}

@string{tcad = {{IEEE} Transactions on Computer-Aided Design}}

@string{tcs = {Theoretical Computer Science}}

@string{todaes = {{ACM} Transactions on Design Automation of Electronic Systems}}

@string{trc = {{IEEE} Transactions on Computers}}

@string{trcs = {{IEEE} Transactions on Circuits and Systems}}

@string{trcs-i = {{IEEE} Transactions on Circuits and Systems I: Fundamental Theory and Applications}}

@string{trcs-ii = {{IEEE} Transactions on Circuits and Systems II: Analog and Digital Signal Processing}}

@string{www = {International Conference on World Wide Web}}

@inproceedings{DaskalakisP17,
  author    = {Constantinos Daskalakis and Qinxuan Pan},
  title     = {Square {H}ellinger Subadditivity for {B}ayesian Networks and its Applications to Identity Testing},
  booktitle = {Proceedings of the 30th Conference on Learning Theory ({COLT})},
  year      = {2017}
}

@inproceedings{AcharyaDK15,
  author    = {Jayadev Acharya and
               Constantinos Daskalakis and
               Gautam Kamath},
  title     = {Optimal Testing for Properties of Distributions},
  booktitle = {Advances in Neural Information Processing Systems 28: Annual Conference
               on Neural Information Processing Systems 2015, December 7-12, 2015,
               Montreal, Quebec, Canada},
  pages     = {3591--3599},
  year      = {2015},
  crossref  = {DBLP:conf/nips/2015},
  url       = {http://papers.nips.cc/paper/5839-optimal-testing-for-properties-of-distributions},
  timestamp = {Fri, 08 Apr 2016 19:32:53 +0200},
  biburl    = {http://dblp.uni-trier.de/rec/bib/conf/nips/AcharyaDK15},
  bibsource = {dblp computer science bibliography, http://dblp.org}
}

@book{Agresti11,
	author        = {Agresti, Alan},
	publisher     = {Wiley},
	title         = {Categorical Data Analysis},
	year          = {2012}
}


@article{BarsottiPR16,
  title={Hypothesis testing for {M}arkovian models with random time observations},
  author={Barsotti, Flavia and Philippe, Anne and Rochet, Paul},
  journal={Journal of Statistical Planning and Inference},
  volume={173},
  pages={87--98},
  year={2016},
  publisher={Elsevier}
}

@inproceedings{Bartlett51,
  title={The frequency goodness of fit test for probability chains},
  author={Bartlett, Maurice S},
  booktitle={Mathematical Proceedings of the Cambridge Philosophical Society},
  volume={47},
  pages={86--95},
  year={1951},
  organization={Cambridge Univ Press}
}


@inproceedings{BatuFFKRW01,
  author        = {Batu, Tugkan and Fischer, Eldar and Fortnow, Lance and Kumar, Ravi and Rubinfeld, Ronitt and White, Patrick},
  title         = {Testing Random Variables for Independence and Identity},
  booktitle     = {Proceedings of the 42nd Annual IEEE Symposium on Foundations of Computer Science},
  series        = {FOCS '01},
  year          = {2001},
  pages         = {442--451},
  publisher     = {IEEE Computer Society},
  address       = {Washington, DC, USA},
}

@article{BatuFRSW13,
  title={Testing closeness of discrete distributions},
  author={Batu, Tu{\u{g}}kan and Fortnow, Lance and Rubinfeld, Ronitt and Smith, Warren D and White, Patrick},
  journal={Journal of the ACM (JACM)},
  volume={60},
  number={1},
  pages={4},
  year={2013},
  publisher={ACM}
}

@article{BayerDiaconis,
author = {Bayer, Dave and Diaconis, Persi},
doi = {10.1214/aoap/1177005705},
fjournal = {The Annals of Applied Probability},
journal = {Ann. Appl. Probab.},
month = {05},
number = {2},
pages = {294--313},
publisher = {The Institute of Mathematical Statistics},
title = {Trailing the Dovetail Shuffle to its Lair},
url = {http://dx.doi.org/10.1214/aoap/1177005705},
volume = {2},
year = {1992}
}


@inproceedings{Canonne15,
	title={A survey on distribution testing: Your data is big. but is it blue?},
	author={Canonne, Cl{\'e}ment L},
	booktitle={Electronic Colloquium on Computational Complexity (ECCC)},
	volume={22},
	pages={1--9},
	year={2015}
}


@inproceedings{CanonneDGR15,
	author        = {Canonne, Cl{\'e}ment L. and Diakonikolas, Ilias and Gouleakis, Themis and Rubinfeld, Ronitt},
	title         = {Testing Shape Restrictions of Discrete Distributions},
	booktitle     = {Proceedings of the 33rd Symposium on Theoretical Aspects of Computer Science},
	series        = {STACS '16},
	pages         = {25:1--25:14},
	year          = {2016}
}

@inproceedings{CanonneRS14,
  author    = {Cl{\'{e}}ment L. Canonne and
               Dana Ron and
               Rocco A. Servedio},
  title     = {Testing equivalence between distributions using conditional samples},
  booktitle = {Proceedings of the Twenty-Fifth Annual {ACM-SIAM} Symposium on Discrete
               Algorithms, {SODA} 2014, Portland, Oregon, USA, January 5-7, 2014},
  pages     = {1174--1192},
  year      = {2014},
  crossref  = {DBLP:conf/soda/2014},
  url       = {http://dx.doi.org/10.1137/1.9781611973402.87},
  doi       = {10.1137/1.9781611973402.87},
  timestamp = {Wed, 12 Feb 2014 20:27:53 +0100},
  biburl    = {http://dblp.uni-trier.de/rec/bib/conf/soda/CanonneRS14},
  bibsource = {dblp computer science bibliography, http://dblp.org}
}


@inproceedings{ChanDVV14,
  title={Optimal algorithms for testing closeness of discrete distributions},
  author={Chan, Siu-On and Diakonikolas, Ilias and Valiant, Gregory and Valiant, Paul},
  booktitle={Proceedings of the Twenty-Fifth Annual ACM-SIAM Symposium on Discrete Algorithms},
  pages={1193--1203},
  year={2014},
  organization={Society for Industrial and Applied Mathematics}
}



@inproceedings{DaskalakisDSVV13,
  author    = {Constantinos Daskalakis and
               Ilias Diakonikolas and
               Rocco A. Servedio and
               Gregory Valiant and
               Paul Valiant},
  title     = {Testing \emph{k}-Modal Distributions: Optimal Algorithms via Reductions},
  booktitle = {Proceedings of the Twenty-Fourth Annual {ACM-SIAM} Symposium on Discrete
               Algorithms, {SODA} 2013, New Orleans, Louisiana, USA, January 6-8,
               2013},
  pages     = {1833--1852},
  year      = {2013},
  crossref  = {DBLP:conf/soda/2013},
  url       = {http://dx.doi.org/10.1137/1.9781611973105.131},
  doi       = {10.1137/1.9781611973105.131},
  timestamp = {Wed, 12 Feb 2014 17:08:16 +0100},
  biburl    = {http://dblp.uni-trier.de/rec/bib/conf/soda/DaskalakisDSVV13},
  bibsource = {dblp computer science bibliography, http://dblp.org}
}


@article{DaskalakisKW17,
	title={Which Distribution Distances are Sublinearly Testable?},
	author={Daskalakis, Constantinos and Kamath, Gautam and Wright, John},
	journal={arXiv preprint arXiv:1708.00002},
	year={2017}
}


@inproceedings{DiakonikolasK16,
	author        = {Diakonikolas, Ilias and Kane, Daniel M.},
	title         = {A New Approach for Testing Properties of Discrete Distributions},
	booktitle     = {Proceedings of the 57th Annual IEEE Symposium on Foundations of Computer Science},
	series        = {FOCS '16},
	year          = {2016},
	pages         = {685--694},
	publisher     = {IEEE Computer Society},
	address       = {Washington, DC, USA}
}

@article{DiakonikolasKS16,
  title={Robust learning of fixed-structure bayesian networks},
  author={Diakonikolas, Ilias and Kane, Daniel and Stewart, Alistair},
  journal={arXiv preprint arXiv:1606.07384},
  year={2016}
}


@book{DiaconisLectures88,
   title = {Group representations in probability and statistics},
   author = {Diaconis, Persi},
   series = {Lecture notes},
   publisher = {Hayward, Calif. Institute of Mathematical Statistics},
   isbn = {0-940600-14-5},
   year = {1988}
}

@book{DiaconisTechReport02,
	title={Mathematical Developments from the Analysis of Riffle Shuffling},
	author={Diaconis, P.},
	series={Technical report (Stanford University. Dept. of Statistics)},
	year={2002},
	publisher={Department of Statistics, Stanford University}
}


@book{Fisher35,
	author        = {Fisher, Ronald A.},
	title         = {The Design of Experiments},
	year          = {1935},
	publisher     = {Macmillan}
}


@article{Freedman75,
  title={On tail probabilities for martingales},
  author={Freedman, David A},
  journal={the Annals of Probability},
  pages={100--118},
  year={1975},
  publisher={JSTOR}
}

@article{GibbsS02,
	title={On choosing and bounding probability metrics},
	author={Gibbs, Alison L and Su, Francis Edward},
	journal={International statistical review},
	volume={70},
	number={3},
	pages={419--435},
	year={2002},
	publisher={Wiley Online Library}
}

@article{GleserM83,
  title={The effect of dependence on chi-squared and empiric distribution tests of fit},
  author={Gleser, Leon J and Moore, David S and others},
  journal={The Annals of Statistics},
  volume={11},
  number={4},
  pages={1100--1108},
  year={1983},
  publisher={Institute of Mathematical Statistics}
}


@misc{Goldreich11,
	title={A Brief Introduction to Property Testing.},
	author={Goldreich, Oded},
	year={2011},
	publisher={Springer}
}

@inproceedings{HsuKS15,
  title={Mixing time estimation in reversible {M}arkov chains from a single sample path},
  author={Hsu, Daniel J and Kontorovich, Aryeh and Szepesv{\'a}ri, Csaba},
  booktitle={Advances in neural information processing systems},
  pages={1459--1467},
  year={2015}
}


@article{Kazakos78,
  author    = {Dimitri Kazakos},
  title     = {The {B}hattacharyya distance and detection between {M}arkov chains},
  journal   = {{IEEE} Trans. Information Theory},
  volume    = {24},
  number    = {6},
  pages     = {747--754},
  year      = {1978},
  url       = {http://dx.doi.org/10.1109/TIT.1978.1055967}
}


@article{LeviRR13,
  author        = {Levi, Reut and Ron, Dana and Rubinfeld, Ronitt},
  title         = {Testing Properties of Collections of Distributions},
  journal       = {Theory of Computing},
  year          = {2013},
  volume        = {9},
  number        = {8},
  pages         = {295--347}
}

@book{LPLbook,
   title = {{M}arkov chains and mixing times},
   author = {Levin, David Asher and Peres, Yuval and Wilmer, Elizabeth Lee},
   publisher = {Providence, R.I. American Mathematical Society},
   note = {With a chapter on coupling from the past by James G. Propp and David B. Wilson.},
   year = {2009}
}


@article{MolinaMPV02,
	title={On size increase for goodness of fit tests when observations are positively dependent},
	author={Molina, I and Morales, D and Pardo, L and Vajda, I},
	journal={Statistics \& Risk Modeling},
	volume={20},
	number={1-4},
	pages={399--414},
	year={2002}
}

@article{Moore82,
  title={The effect of dependence on chi squared tests of fit},
  author={Moore, David S and others},
  journal={The Annals of Statistics},
  volume={10},
  number={4},
  pages={1163--1171},
  year={1982},
  publisher={Institute of Mathematical Statistics}
}


@article{Paninski08,
  author        = {Paninski, Liam},
  title         = {A Coincidence-Based Test for Uniformity Given Very Sparsely Sampled Discrete Data},
  journal       = {IEEE Transactions on Information Theory},
  year          = {2008},
  volume        = {54},
  number        = {10},
  pages         = {4750--4755},
  publisher     = {IEEE}
}


@article{Pearson00,
	author        = {Pearson, Karl},
	title         = {On the Criterion that a Given System of Deviations from the Probable in the Case of a Correlated System of Variables is Such that it Can be Reasonably Supposed to have Arisen from Random Sampling},
	journal       = {Philosophical Magazine Series 5},
	volume        = {50},
	number        = {302},
	pages         = {157--175},
	year          = {1900},
	publisher     = {Taylor \& Francis}
}

@article{RaoS81,
	author        = {Rao, Jon N.K. and Scott, Alastair J.},
	title         = {The Analysis of Categorical Data from Complex Sample Surveys: Chi-Squared Tests for Goodness of Fit and Independence in Two-Way Tables},
	journal       = {Journal of the Americal Statistical Association},
	volume        = {76},
	number        = {374},
	pages         = {221--230},
	year          = {1981},
	publisher     = {Taylor \& Francis}
}

@article{Rubinfeld12,
	title={Taming big probability distributions},
	author={Rubinfeld, Ronitt},
	journal={XRDS: Crossroads, The ACM Magazine for Students},
	volume={19},
	number={1},
	pages={24--28},
	year={2012},
	publisher={ACM}
}

@inproceedings{TanAW10,
	author        = {Tan, Vincent Y.F. and Anandkumar, Animashree and Willsky, Alan S.},
	title         = {Error Exponents for Composite Hypothesis Testing of {M}arkov Forest Distributions},
	booktitle     = {Proceedings of the 2010 IEEE International Symposium on Information Theory},
	series        = {ISIT '10},
	year          = {2010},
	pages         = {1613--1617},
	publisher     = {IEEE Computer Society},
	address       = {Washington, DC, USA}
}

@article{TavareA83,
 ISSN = {00063444},
 URL = {http://www.jstor.org/stable/2335951},
 abstract = {The asymptotic behaviour of the Pearson goodness-of-fit test and of the test of independence in 2 × 2 tables is examined when the data are generated by {M}arkov dependent sequences. The results allow simple quantification of the effects of such serial dependence on some standard test statistics.},
 author = {Simon Tavare and Patricia M. E. Altham},
 journal = {Biometrika},
 number = {1},
 pages = {139-144},
 publisher = {[Oxford University Press, Biometrika Trust]},
 title = {Serial Dependence of Observations Leading to Contingency Tables, and Corrections to Chi-Squared Statistics},
 volume = {70},
 year = {1983}
}


@inproceedings{ValiantV11,
	author        = {Valiant, Gregory and Valiant, Paul},
	title         = {Estimating the unseen: An $n/\log n$-sample Estimator for Entropy and Support Size, Shown Optimal via New {CLT}s},
	booktitle     = {Proceedings of the 43rd Annual ACM Symposium on the Theory of Computing},
	series        = {STOC '11},
	year          = {2011},
	pages         = {685--694},
	publisher     = {ACM},
	address       = {New York, NY, USA},
}




@inproceedings{ValiantV14,
  author        = {Valiant, Gregory and Valiant, Paul},
  title         = {An Automatic Inequality Prover and Instance Optimal Identity Testing},
  booktitle     = {Proceedings of the 55th Annual IEEE Symposium on Foundations of Computer Science},
  series        = {FOCS '14},
  year          = {2014},
  pages         = {51--60},
  publisher     = {IEEE Computer Society},
  address       = {Washington, DC, USA},
}


