%% This BibTeX bibliography file was created using BibDesk.
%% http://bibdesk.sourceforge.net/


%% Created for Yuansi Chen at 2018-06-02 16:35:03 -0700


%% Saved with string encoding Unicode (UTF-8)



@article{eberle2014error,
	Author = {Eberle, Andreas},
	Journal = {The Annals of Applied Probability},
	Number = {1},
	Pages = {337--377},
	Publisher = {Institute of Mathematical Statistics},
	Title = {Error bounds for Metropolis--Hastings algorithms applied to perturbations of Gaussian measures in high dimensions},
	Volume = {24},
	Year = {2014}}

@article{grenander1994representations,
	Author = {Grenander, Ulf and Miller, Michael I},
	Journal = {Journal of the Royal Statistical Society. Series B (Methodological)},
	Pages = {549--603},
	Publisher = {JSTOR},
	Title = {Representations of knowledge in complex systems},
	Year = {1994}}

@inproceedings{cousins2014cubic,
	Author = {Cousins, Ben and Vempala, Santosh},
	Booktitle = {Proceedings of the twenty-fifth annual ACM-SIAM symposium on discrete algorithms},
	Organization = {Society for Industrial and Applied Mathematics},
	Pages = {1215--1228},
	Title = {A cubic algorithm for computing {G}aussian volume},
	Year = {2014}}

@book{Cover,
	Address = {New York},
	Author = {T.M. Cover and Thomas, J.A.},
	Publisher = {John Wiley and Sons},
	Title = {Elements of Information Theory},
	Year = {1991}}

@article{cheng2017underdamped,
	Author = {Cheng, Xiang and Chatterji, Niladri S and Bartlett, Peter L and Jordan, Michael I},
	Date-Added = {2017-11-23 00:23:25 +0000},
	Date-Modified = {2017-11-23 00:23:25 +0000},
	Journal = {arXiv preprint arXiv:1707.03663},
	Title = {Underdamped {L}angevin {MCMC}: A non-asymptotic analysis},
	Year = {2017}}

@article{neal2011mcmc,
	Author = {Neal, Radford M},
	Date-Added = {2017-11-22 23:44:27 +0000},
	Date-Modified = {2017-11-22 23:44:27 +0000},
	Journal = {{Handbook of Markov Chain Monte Carlo}},
	Number = {11},
	Publisher = {CRC Press New York, NY},
	Title = {{MCMC using Hamiltonian dynamics}},
	Volume = {2},
	Year = {2011}}

@article{xifara2014langevin,
	Author = {Xifara, Tatiana and Sherlock, Chris and Livingstone, Samuel and Byrne, Simon and Girolami, Mark},
	Date-Added = {2017-11-22 23:43:28 +0000},
	Date-Modified = {2017-11-22 23:43:28 +0000},
	Journal = {Statistics \& Probability Letters},
	Pages = {14--19},
	Publisher = {Elsevier},
	Title = {{Langevin diffusions and the Metropolis-adjusted Langevin algorithm}},
	Volume = {91},
	Year = {2014}}

@article{mengersen1996rates,
	Author = {Mengersen, Kerrie L and Tweedie, Richard L and others},
	Date-Added = {2017-11-22 23:31:59 +0000},
	Date-Modified = {2017-11-22 23:31:59 +0000},
	Journal = {{The Annals of Statistics}},
	Number = {1},
	Pages = {101--121},
	Publisher = {Institute of Mathematical Statistics},
	Title = {{Rates of convergence of the Hastings and Metropolis algorithms}},
	Volume = {24},
	Year = {1996}}

@article{grenander1994representations,
	Author = {Grenander, Ulf and Miller, Michael I},
	Date-Added = {2017-11-22 22:54:46 +0000},
	Date-Modified = {2017-11-22 22:54:46 +0000},
	Journal = {Journal of the Royal Statistical Society. Series B (Methodological)},
	Pages = {549--603},
	Publisher = {JSTOR},
	Title = {Representations of knowledge in complex systems},
	Year = {1994}}

@article{roberts2004general,
	Author = {Roberts, Gareth O and Rosenthal, Jeffrey S and others},
	Date-Added = {2017-11-22 20:45:29 +0000},
	Date-Modified = {2017-11-22 20:45:29 +0000},
	Journal = {Probability Surveys},
	Pages = {20--71},
	Publisher = {The Institute of Mathematical Statistics and the Bernoulli Society},
	Title = {{General state space Markov chains and MCMC algorithms}},
	Volume = {1},
	Year = {2004}}

@article{meyn1994computable,
	Author = {Meyn, Sean P and Tweedie, Robert L},
	Date-Added = {2017-11-22 20:03:02 +0000},
	Date-Modified = {2017-11-22 20:03:02 +0000},
	Journal = {The Annals of Applied Probability},
	Pages = {981--1011},
	Publisher = {JSTOR},
	Title = {Computable bounds for geometric convergence rates of {M}arkov chains},
	Year = {1994}}

@article{talay1990expansion,
	Author = {Talay, Denis and Tubaro, Luciano},
	Date-Added = {2017-11-22 06:15:41 +0000},
	Date-Modified = {2017-11-22 06:15:41 +0000},
	Journal = {Stochastic analysis and applications},
	Number = {4},
	Pages = {483--509},
	Publisher = {Taylor \& Francis},
	Title = {Expansion of the global error for numerical schemes solving stochastic differential equations},
	Volume = {8},
	Year = {1990}}

@article{roberts2014complexity,
	Author = {Roberts, Gareth O and Rosenthal, Jeffrey S},
	Date-Added = {2017-11-22 06:12:09 +0000},
	Date-Modified = {2017-11-22 06:12:09 +0000},
	Journal = {arXiv preprint arXiv:1411.0712},
	Title = {Complexity bounds for {MCMC} via diffusion limits},
	Year = {2014}}

@article{roberts2002langevin,
	Author = {Roberts, Gareth O and Stramer, Osnat},
	Date-Added = {2017-11-22 06:11:09 +0000},
	Date-Modified = {2017-11-22 06:11:09 +0000},
	Journal = {Methodology and computing in applied probability},
	Number = {4},
	Pages = {337--357},
	Publisher = {Springer},
	Title = {{Langevin diffusions and Metropolis-Hastings algorithms}},
	Volume = {4},
	Year = {2002}}

@article{pillai2012optimal,
	Author = {Pillai, Natesh S and Stuart, Andrew M and Thi{\'e}ry, Alexandre H and others},
	Date-Added = {2017-11-22 06:08:29 +0000},
	Date-Modified = {2017-11-22 06:08:29 +0000},
	Journal = {The Annals of Applied Probability},
	Number = {6},
	Pages = {2320--2356},
	Publisher = {Institute of Mathematical Statistics},
	Title = {Optimal scaling and diffusion limits for the {L}angevin algorithm in high dimensions},
	Volume = {22},
	Year = {2012}}

@article{pereyra2016proximal,
	Author = {Pereyra, Marcelo},
	Date-Added = {2017-11-22 00:37:13 +0000},
	Date-Modified = {2017-11-22 00:37:13 +0000},
	Journal = {Statistics and Computing},
	Number = {4},
	Pages = {745--760},
	Publisher = {Springer},
	Title = {{Proximal Markov chain Monte Carlo algorithms}},
	Volume = {26},
	Year = {2016}}

@article{durmus2016efficient,
	Author = {Durmus, Alain and Moulines, Eric and Pereyra, Marcelo},
	Date-Added = {2017-11-22 00:36:36 +0000},
	Date-Modified = {2017-11-22 00:36:36 +0000},
	Journal = {arXiv preprint arXiv:1612.07471},
	Title = {{Efficient Bayesian computation by proximal Markov chain Monte Carlo: when Langevin meets Moreau}},
	Year = {2016}}

@article{roberts1996geometric,
	Author = {Roberts, Gareth O and Tweedie, Richard L},
	Journal = {Biometrika},
	Number = {1},
	Pages = {95--110},
	Publisher = {Oxford University Press},
	Title = {{Geometric convergence and central limit theorems for multidimensional Hastings and Metropolis algorithms}},
	Volume = {83},
	Year = {1996}}

@book{meyn2012markov,
	Author = {Meyn, Sean P and Tweedie, Richard L},
	Publisher = {Springer Science \& Business Media},
	Title = {Markov Chains and Stochastic Stability},
	Year = {2012}}

@article{cheng2017convergence,
	Author = {Cheng, Xiang and Bartlett, Peter},
	Date-Added = {2017-11-19 01:24:39 +0000},
	Date-Modified = {2017-11-19 01:24:39 +0000},
	Journal = {arXiv preprint arXiv:1705.09048},
	Title = {{Convergence of Langevin MCMC in KL-divergence}},
	Year = {2017}}

@article{bubeck2015convex,
	Author = {Bubeck, S{\'e}bastien and others},
	Date-Added = {2017-11-19 01:23:43 +0000},
	Date-Modified = {2017-11-19 01:23:43 +0000},
	Journal = {Foundations and Trends in Machine Learning},
	Number = {3-4},
	Pages = {231--357},
	Publisher = {Now Publishers, Inc.},
	Title = {Convex optimization: algorithms and complexity},
	Volume = {8},
	Year = {2015}}

@article{hsu2012tail,
	Author = {Hsu, Daniel and Kakade, Sham and Zhang, Tong and others},
	Date-Added = {2017-11-10 18:48:06 +0000},
	Date-Modified = {2017-11-10 18:48:06 +0000},
	Journal = {Electronic Communications in Probability},
	Publisher = {The Institute of Mathematical Statistics and the Bernoulli Society},
	Title = {A tail inequality for quadratic forms of subgaussian random vectors},
	Volume = {17},
	Year = {2012}}

@article{parisi1981correlation,
	Author = {Parisi, G},
	Date-Added = {2017-11-03 06:35:19 +0000},
	Date-Modified = {2017-11-03 06:35:19 +0000},
	Journal = {Nuclear Physics B},
	Number = {3},
	Pages = {378--384},
	Publisher = {Elsevier},
	Title = {Correlation functions and computer simulations},
	Volume = {180},
	Year = {1981}}

@article{jarner2000geometric,
	Author = {Jarner, S{\o}ren Fiig and Hansen, Ernst},
	Date-Added = {2017-11-03 06:32:24 +0000},
	Date-Modified = {2017-11-03 06:32:24 +0000},
	Journal = {Stochastic processes and their applications},
	Number = {2},
	Pages = {341--361},
	Publisher = {Elsevier},
	Title = {Geometric ergodicity of {M}etropolis algorithms},
	Volume = {85},
	Year = {2000}}

@article{durmus2016high,
	Author = {Durmus, Alain and Moulines, Eric},
	Date-Added = {2017-11-03 06:22:22 +0000},
	Date-Modified = {2017-11-03 06:22:22 +0000},
	Journal = {arXiv preprint arXiv:1605.01559},
	Title = {{High-dimensional Bayesian inference via the unadjusted Langevin algorithm}},
	Year = {2016}}

@article{bou2012nonasymptotic,
	Author = {Bou-Rabee, Nawaf and Hairer, Martin},
	Date-Added = {2017-11-01 02:11:01 +0000},
	Date-Modified = {2017-11-01 02:11:01 +0000},
	Journal = {IMA Journal of Numerical Analysis},
	Number = {1},
	Pages = {80--110},
	Publisher = {Oxford University Press},
	Title = {Nonasymptotic mixing of the {MALA} algorithm},
	Volume = {33},
	Year = {2012}}

@article{frieze1994sampling,
	Author = {Frieze, Alan and Kannan, Ravi and Polson, Nick},
	Date-Added = {2017-11-01 01:21:33 +0000},
	Date-Modified = {2017-11-01 01:21:33 +0000},
	Journal = {The Annals of Applied Probability},
	Pages = {812--837},
	Publisher = {JSTOR},
	Title = {Sampling from log-concave distributions},
	Year = {1994}}

@article{kannan1995isoperimetric,
	Author = {Kannan, Ravi and Lov{\'a}sz, L{\'a}szl{\'o} and Simonovits, Mikl{\'o}s},
	Journal = {Discrete \& Computational Geometry},
	Number = {1},
	Pages = {541--559},
	Publisher = {Springer},
	Title = {Isoperimetric problems for convex bodies and a localization lemma},
	Volume = {13},
	Year = {1995}}

@article{wendel1948note,
	Author = {Wendel, JG},
	Date-Added = {2017-10-29 02:45:10 +0000},
	Date-Modified = {2017-10-29 02:45:10 +0000},
	Journal = {The American Mathematical Monthly},
	Number = {9},
	Pages = {563--564},
	Publisher = {JSTOR},
	Title = {Note on the gamma function},
	Volume = {55},
	Year = {1948}}

@article{harge2004convex,
	Author = {Harg{\'e}, Gilles},
	Date-Added = {2017-10-29 01:37:59 +0000},
	Date-Modified = {2017-10-29 01:37:59 +0000},
	Journal = {Probability theory and related fields},
	Number = {3},
	Pages = {415--440},
	Publisher = {Springer},
	Title = {A convex/log-concave correlation inequality for {G}aussian measure and an application to abstract {W}iener spaces},
	Volume = {130},
	Year = {2004}}

@article{bertsimas2004solving,
	Author = {Bertsimas, Dimitris and Vempala, Santosh},
	Date-Added = {2017-10-21 14:44:21 +0000},
	Date-Modified = {2017-10-21 14:44:21 +0000},
	Journal = {Journal of the ACM (JACM)},
	Number = {4},
	Pages = {540--556},
	Publisher = {ACM},
	Title = {Solving convex programs by random walks},
	Volume = {51},
	Year = {2004}}

@book{Ripley87,
	Address = {New York},
	Author = {B. D. Ripley},
	Publisher = {Wiley},
	Title = {Stochastic Simulation},
	Year = {1987}}

@article{belisle1993hit,
	Author = {B{\'e}lisle, Claude JP and Romeijn, H Edwin and Smith, Robert L},
	Date-Added = {2017-09-29 07:18:30 +0000},
	Date-Modified = {2017-09-29 07:18:30 +0000},
	Journal = {Mathematics of Operations Research},
	Number = {2},
	Pages = {255--266},
	Publisher = {INFORMS},
	Title = {Hit-and-run algorithms for generating multivariate distributions},
	Volume = {18},
	Year = {1993}}

@article{lovasz2003hit,
	Author = {Lov{\'a}sz, L{\'a}szl{\'o} and Vempala, Santosh},
	Date-Added = {2017-05-17 16:17:02 +0000},
	Date-Modified = {2017-05-17 16:17:55 +0000},
	Journal = {Tehnical Report, Microsoft Research},
	Title = {Hit-and-run is fast and fun},
	Year = {2003}}

@article{lovasz2007geometry,
	Author = {Lov{\'a}sz, L{\'a}szl{\'o} and Vempala, Santosh},
	Date-Added = {2017-05-17 04:14:04 +0000},
	Date-Modified = {2017-05-17 04:14:04 +0000},
	Journal = {Random Structures \& Algorithms},
	Number = {3},
	Pages = {307--358},
	Publisher = {Wiley Online Library},
	Title = {The geometry of logconcave functions and sampling algorithms},
	Volume = {30},
	Year = {2007}}

@article{roberts2001optimal,
	Author = {Roberts, Gareth O and Rosenthal, Jeffrey S},
	Date-Added = {2017-05-16 01:06:59 +0000},
	Date-Modified = {2017-05-16 01:06:59 +0000},
	Journal = {Statistical Science},
	Number = {4},
	Pages = {351--367},
	Publisher = {Institute of Mathematical Statistics},
	Title = {Optimal scaling for various {M}etropolis-{H}astings algorithms},
	Volume = {16},
	Year = {2001}}

@inproceedings{ahn2012bayesian,
	Author = {Ahn, Sungjin and Balan, Anoop Korattikara and Welling, Max},
	Booktitle = {ICML},
	Date-Added = {2017-05-16 00:55:08 +0000},
	Date-Modified = {2017-05-16 00:55:08 +0000},
	Title = {Bayesian posterior sampling via stochastic gradient {F}isher scoring.},
	Year = {2012}}

@inproceedings{welling2011bayesian,
	Author = {Welling, Max and Teh, Yee W},
	Booktitle = {Proceedings of the 28th International Conference on Machine Learning 2011},
	Date-Added = {2017-05-16 00:55:04 +0000},
	Date-Modified = {2017-05-16 00:55:04 +0000},
	Pages = {681--688},
	Title = {Bayesian learning via stochastic gradient {L}angevin dynamics},
	Year = {2011}}

@article{dalalyan2016theoretical,
	Author = {Dalalyan, Arnak S},
	Date-Added = {2017-05-16 00:53:48 +0000},
	Date-Modified = {2017-05-16 00:53:48 +0000},
	Journal = {Journal of the Royal Statistical Society: Series B (Statistical Methodology)},
	Publisher = {Wiley Online Library},
	Title = {Theoretical guarantees for approximate sampling from smooth and log-concave densities},
	Year = {2016}}

@article{roberts1996exponential,
	Author = {Roberts, Gareth O and Tweedie, Richard L},
	Date-Added = {2017-05-16 00:52:45 +0000},
	Date-Modified = {2017-05-16 00:52:45 +0000},
	Journal = {Bernoulli},
	Pages = {341--363},
	Publisher = {JSTOR},
	Title = {Exponential convergence of {L}angevin distributions and their discrete approximations},
	Year = {1996}}

@article{dyer1991random,
	Author = {Dyer, Martin and Frieze, Alan and Kannan, Ravi},
	Date-Added = {2017-05-16 00:44:26 +0000},
	Date-Modified = {2017-05-16 00:44:26 +0000},
	Journal = {Journal of the ACM (JACM)},
	Number = {1},
	Pages = {1--17},
	Publisher = {ACM},
	Title = {A random polynomial-time algorithm for approximating the volume of convex bodies},
	Volume = {38},
	Year = {1991}}

@article{elekes1986geometric,
	Author = {Elekes, Gy{\"o}rgy},
	Date-Added = {2017-05-16 00:39:07 +0000},
	Date-Modified = {2017-05-16 00:39:07 +0000},
	Journal = {Discrete \& Computational Geometry},
	Number = {1},
	Pages = {289--292},
	Publisher = {Springer},
	Title = {A geometric inequality and the complexity of computing volume},
	Volume = {1},
	Year = {1986}}

@article{barany1987computing,
	Author = {B{\'a}r{\'a}ny, Imre and F{\"u}redi, Zolt{\'a}n},
	Date-Added = {2017-05-16 00:38:46 +0000},
	Date-Modified = {2017-05-16 00:38:46 +0000},
	Journal = {Discrete \& Computational Geometry},
	Number = {4},
	Pages = {319--326},
	Publisher = {Springer},
	Title = {Computing the volume is difficult},
	Volume = {2},
	Year = {1987}}

@article{bubeck2015sampling,
	Author = {Bubeck, S{\'e}bastien and Eldan, Ronen and Lehec, Joseph},
	Date-Added = {2017-05-15 17:05:02 +0000},
	Date-Modified = {2017-05-15 17:05:02 +0000},
	Journal = {arXiv preprint arXiv:1507.02564},
	Title = {Sampling from a log-concave distribution with projected {L}angevin {M}onte {C}arlo},
	Year = {2015}}

@article{lovasz2006simulated,
	Author = {Lov{\'a}sz, L{\'a}szl{\'o} and Vempala, Santosh},
	Date-Added = {2017-05-15 07:14:45 +0000},
	Date-Modified = {2017-05-15 07:14:45 +0000},
	Journal = {Journal of Computer and System Sciences},
	Number = {2},
	Pages = {392--417},
	Publisher = {Elsevier},
	Title = {Simulated annealing in convex bodies and an {$O^*(n^4)$} volume algorithm},
	Volume = {72},
	Year = {2006}}

@article{demmel2007fast,
	Author = {Demmel, James and Dumitriu, Ioana and Holtz, Olga},
	Date-Added = {2017-05-15 07:04:47 +0000},
	Date-Modified = {2017-05-15 07:04:47 +0000},
	Journal = {Numerische Mathematik},
	Number = {1},
	Pages = {59--91},
	Publisher = {Springer},
	Title = {Fast linear algebra is stable},
	Volume = {108},
	Year = {2007}}

@article{bushell1973hilbert,
	Author = {Bushell, Peter J},
	Date-Added = {2017-05-10 02:13:21 +0000},
	Date-Modified = {2017-05-10 02:13:21 +0000},
	Journal = {Archive for Rational Mechanics and Analysis},
	Number = {4},
	Pages = {330--338},
	Publisher = {Springer},
	Title = {Hilbert's metric and positive contraction mappings in a {B}anach space},
	Volume = {52},
	Year = {1973}}

@article{Geman84,
	Author = {S. Geman and D. Geman},
	Journal = {{IEEE} Trans. {PAMI}},
	Pages = {721--741},
	Title = {Stochastic Relaxation, {Gibbs} Distributions, and the {Bayesian} Restoration of Images},
	Volume = 6,
	Year = 1984}

@book{Bremaud91,
	Author = {P. Br\'{e}maud},
	Publisher = {Springer},
	Title = {Markov Chains, Gibbs Fields, Monte Carlo Simulation, and Queues},
	Year = 1991}

@book{MCBook,
	Author = {S. Brooks and A. Gelman and G. L. Jones and X.-L. Meng},
	Publisher = {Chapman and {H}all/{C}{R}{C}},
	Title = {Handbook of Markov Chain Monte Carlo},
	Year = 2011}

@techrep{KapKra13,
	Author = {S. C. Kapfer and W. Krauth},
	Institution = {Ecole Normale Sup\'{e}rieure},
	Title = {Sampling from a polytope and hard-disk {M}onte {C}arlo},
	Year = 2013}

@incollection{vaidya1993technique,
	Author = {Vaidya, Pravin M and Atkinson, David S},
	Booktitle = {Complexity in Numerical Optimization},
	Date-Added = {2017-05-07 23:51:18 +0000},
	Date-Modified = {2017-05-07 23:51:18 +0000},
	Pages = {462--489},
	Publisher = {World Scientific},
	Title = {A technique for bounding the number of iterations in path following algorithms},
	Year = {1993}}

@book{brooks2011handbook,
	Author = {Brooks, Steve and Gelman, Andrew and Jones, Galin L and Meng, Xiao-Li},
	Date-Added = {2017-05-07 23:48:59 +0000},
	Date-Modified = {2017-05-07 23:48:59 +0000},
	Publisher = {Chapman and Hall/CRC},
	Title = {Handbook of {M}arkov {C}hain {M}onte {C}arlo},
	Year = {2011}}

@book{robert2004monte,
	Author = {Robert, Christian P},
	Date-Added = {2017-05-07 23:48:23 +0000},
	Date-Modified = {2017-05-07 23:48:23 +0000},
	Publisher = {Wiley Online Library},
	Title = {Monte {C}arlo methods},
	Year = {2004}}

@article{hastings1970monte,
	Author = {Hastings, W Keith},
	Date-Added = {2017-05-07 23:44:28 +0000},
	Date-Modified = {2017-05-07 23:44:28 +0000},
	Journal = {Biometrika},
	Number = {1},
	Pages = {97--109},
	Publisher = {Biometrika Trust},
	Title = {Monte {C}arlo sampling methods using {M}arkov chains and their applications},
	Volume = {57},
	Year = {1970}}

@article{metropolis1953equation,
	Author = {Metropolis, Nicholas and Rosenbluth, Arianna W and Rosenbluth, Marshall N and Teller, Augusta H and Teller, Edward},
	Date-Added = {2017-05-07 23:44:25 +0000},
	Date-Modified = {2017-05-07 23:44:25 +0000},
	Journal = {The Journal of Chemical Physics},
	Number = {6},
	Pages = {1087--1092},
	Publisher = {AIP},
	Title = {Equation of state calculations by fast computing machines},
	Volume = {21},
	Year = {1953}}

@book{boyd2004convex,
	Author = {Boyd, Stephen and Vandenberghe, Lieven},
	Date-Added = {2017-05-07 23:35:33 +0000},
	Date-Modified = {2017-05-07 23:35:33 +0000},
	Publisher = {Cambridge University Press},
	Title = {Convex {O}ptimization},
	Year = {2004}}

@article{lee2016geodesic,
	Author = {Lee, Yin Tat and Vempala, Santosh S},
	Date-Added = {2017-05-07 05:18:50 +0000},
	Date-Modified = {2017-05-07 05:18:50 +0000},
	Journal = {arXiv preprint arXiv:1606.04696},
	Title = {Geodesic walks in polytopes},
	Year = {2016}}

@article{lovasz1993random,
	Author = {Lov{\'a}sz, L{\'a}szl{\'o} and Simonovits, Mikl{\'o}s},
	Date-Added = {2017-05-07 05:18:21 +0000},
	Date-Modified = {2017-05-07 05:18:21 +0000},
	Journal = {Random Structures \& Algorithms},
	Number = {4},
	Pages = {359--412},
	Publisher = {Wiley Online Library},
	Title = {Random walks in a convex body and an improved volume algorithm},
	Volume = {4},
	Year = {1993}}

@inproceedings{lovasz1992randomized,
	Author = {Lov{\'a}sz, L{\'a}szl{\'o} and Simonovits, Mikl{\'o}s},
	Booktitle = {33rd Annual Symposium on Foundations of Computer Science, 1992},
	Date-Added = {2017-05-07 05:17:52 +0000},
	Date-Modified = {2017-05-07 05:17:52 +0000},
	Organization = {IEEE},
	Pages = {482--492},
	Title = {On the randomized complexity of volume and diameter},
	Year = {1992}}

@inproceedings{lovasz1990ballwalk,
	Author = {Lov{\'a}sz, L{\'a}szl{\'o} and Simonovits, Mikl{\'o}s},
	Booktitle = {Proceedings of 31st Annual Symposium on Foundations of Computer Science, 1990},
	Date-Added = {2017-05-07 05:17:07 +0000},
	Date-Modified = {2017-05-07 05:17:19 +0000},
	Organization = {IEEE},
	Pages = {346--354},
	Title = {The mixing rate of {M}arkov chains, an isoperimetric inequality, and computing the volume},
	Year = {1990}}

@inproceedings{lovasz2006fast,
	Author = {Lov{\'a}sz, L{\'a}szl{\'o} and Vempala, Santosh},
	Booktitle = {47th Annual IEEE Symposium on Foundations of Computer Science, 2006},
	Date-Added = {2017-05-07 05:14:02 +0000},
	Date-Modified = {2017-05-07 05:14:02 +0000},
	Organization = {IEEE},
	Pages = {57--68},
	Title = {Fast algorithms for logconcave functions: Sampling, rounding, integration and optimization},
	Year = {2006}}

@article{lovasz2006hit,
	Author = {Lov{\'a}sz, L{\'a}szl{\'o} and Vempala, Santosh},
	Date-Added = {2017-05-07 05:13:51 +0000},
	Date-Modified = {2017-05-07 05:13:51 +0000},
	Journal = {SIAM Journal on Computing},
	Number = {4},
	Pages = {985--1005},
	Publisher = {SIAM},
	Title = {Hit-and-run from a corner},
	Volume = {35},
	Year = {2006}}

@article{lovasz1999hit,
	Author = {Lov{\'a}sz, L{\'a}szl{\'o}},
	Date-Added = {2017-05-07 05:13:45 +0000},
	Date-Modified = {2017-05-07 05:13:45 +0000},
	Journal = {Mathematical Programming},
	Number = {3},
	Pages = {443--461},
	Publisher = {Springer},
	Title = {Hit-and-run mixes fast},
	Volume = {86},
	Year = {1999}}

@article{vempala2005geometric,
	Author = {Vempala, Santosh},
	Date-Added = {2017-05-07 05:13:10 +0000},
	Date-Modified = {2017-05-07 05:13:10 +0000},
	Journal = {Combinatorial and Computational Geometry},
	Number = {573-612},
	Pages = {2},
	Title = {Geometric random walks: a survey},
	Volume = {52},
	Year = {2005}}

@article{anstreicher1997volumetric,
	Author = {Anstreicher, Kurt M},
	Date-Added = {2017-05-07 05:11:04 +0000},
	Date-Modified = {2017-05-07 05:11:04 +0000},
	Journal = {Mathematical Programming},
	Number = {1},
	Pages = {245--263},
	Publisher = {Springer},
	Title = {Volumetric path following algorithms for linear programming},
	Volume = {76},
	Year = {1997}}

@inproceedings{vaidya1989new,
	Author = {Vaidya, Pravin M},
	Booktitle = {30th Annual Symposium on Foundations of Computer Science, 1989},
	Date-Added = {2017-05-07 05:09:38 +0000},
	Date-Modified = {2017-05-07 05:09:38 +0000},
	Organization = {IEEE},
	Pages = {338--343},
	Title = {A new algorithm for minimizing convex functions over convex sets},
	Year = {1989}}

@article{sachdeva2016mixing,
	Author = {Sachdeva, Sushant and Vishnoi, Nisheeth K},
	Date-Added = {2017-05-07 05:08:37 +0000},
	Date-Modified = {2017-05-07 05:08:37 +0000},
	Journal = {Operations Research Letters},
	Number = {5},
	Pages = {630--634},
	Publisher = {Elsevier},
	Title = {The mixing time of the {D}ikin walk in a polytope---A simple proof},
	Volume = {44},
	Year = {2016}}

@article{kannan2012random,
	Author = {Kannan, Ravindran and Narayanan, Hariharan},
	Date-Added = {2017-05-07 05:07:56 +0000},
	Date-Modified = {2017-05-07 05:07:56 +0000},
	Journal = {Mathematics of Operations Research},
	Number = {1},
	Pages = {1--20},
	Publisher = {INFORMS},
	Title = {Random walks on polytopes and an affine interior point method for linear programming},
	Volume = {37},
	Year = {2012}}
