@BOOK{Ge04,
  title = {Bayesian data analysis},
  publisher = {CRC Press},
  year = {2004},
  author = {Gelman, A.B. and Carlin,J.B. and Stern,H.S. and Rubin,D.B.},
  edition = {second}
}


@inproceedings{frazier2014incentivizing,
	title={Incentivizing exploration},
	author={Frazier, Peter I. and Kempe, David and Kleinberg, Jon and Kleinberg, Robert},
	booktitle={Proceedings of the 15th ACM conference on Economics and Computation (EC)},
	pages={5--22},
	year={2014},
	organization={ACM}
}

@inproceedings{mansour2015bayesian,
	title={Bayesian incentive-compatible bandit exploration},
	author={Mansour, Yishay and Slivkins, Aleksandrs and Syrgkanis, Vasilis},
	booktitle={Proceedings of the 16th ACM Conference on Economics and Computation (EC)},
	pages={565--582},
	year={2015},
	organization={ACM}
}

@article{kremer2014implementing,
	title={Implementing the ``Wisdom of the Crowd''},
	author={Kremer, Ilan and Mansour, Yishay and Perry, Motty},
	journal={Journal of Political Economy},
	volume={122},
	number={5},
	pages={988--1012},
	year={2014},
	publisher={University of Chicago Press Chicago, IL}
}

@inproceedings{han2015incentivizing,
	title={Incentivizing Exploration with Heterogeneous Value of Money},
	author={Han, Li and Kempe, David and Qiang, Ruixin},
	booktitle={Proceedings of the 11th International Conference on Web and Internet Economics (WINE)},
	pages={370--383},
	year={2015},
	organization={Springer}
}

@inproceedings{mansour2016bayesian,
	title={Bayesian Exploration: Incentivizing Exploration in Bayesian Games},
	author={Mansour, Yishay and Slivkins, Aleksandrs and Syrgkanis, Vasilis and Wu, Zhiwei Steven},
	booktitle={Proceedings of the 17th ACM Conference on Economics and Computation (EC)},
	year={2016}
}

@inproceedings{mansour2018competition,
	title={Bayesian Exploration: Incentivizing Exploration in Bayesian Games},
	author={Mansour, Yishay and Slivkins, Aleksandrs and Wu, Zhiwei Steven},
	booktitle={Proceedings of the 9th Innovations in Theoretical Computer Science (ITCS) conference},
	year={2018}
}

@article{slivkins:asymmetry,
  author = {Aleksandrs Slivkins},
  title  = {Incentivizing exploration via information asymmetry},
  journal = {ACM Crossroads},
  volume = 24,
  number = 1,
  pages  = {38--41},
  year   = 2017
}

@inproceedings{schmit2017human,
	title={Human Interaction with Recommendation Systems: On Bias and Exploration},
	author={Schmit, Sven and Riquelme, Carlos},
	booktitle = {Proceedings of the 21st International Conference on Artificial Intelligence and Statistics (AISTATS)},
	year={2018}
}


@inproceedings{zhao2016adaptive,
	title={Adaptive Concentration Inequalities for Sequential Decision Problems},
	author={Zhao, Shengjia and Zhou, Enze and Sabharwal, Ashish and Ermon, Stefano},
	booktitle={Proceedings of the 30th Advances In Neural Information Processing Systems (NIPS)},
	pages={1343--1351},
	year={2016}
}


@article{kannan2017fairness,
	title={Fairness Incentives for Myopic Agents},
	author={Kannan, Sampath and Kearns, Michael and Morgenstern, Jamie and Pai, Mallesh and Roth, Aaron and Vohra, Rakesh and Wu, Z Steven},
	journal={arXiv preprint arXiv:1705.02321},
	year={2017}
}

@article{auer2002finite,
	title={Finite-time analysis of the multiarmed bandit problem},
	author={Auer, Peter and Cesa-Bianchi, Nicol\`{o} and Fischer, Paul},
	journal={Machine Learning},
	volume={47},
	number={2-3},
	pages={235--256},
	year={2002},
	publisher={Springer}
}

@article{sullivan2009ebird,
	title={eBird: A citizen-based bird observation network in the biological sciences},
	author={Sullivan, Brian L. and Wood, Christopher L. and Iliff, Marshall J. and Bonney, Rick E. and Fink, Daniel and Kelling, Steve},
	journal={Biological Conservation},
	volume={142},
	number={10},
	pages={2282--2292},
	year={2009},
	publisher={Elsevier}
}

@inproceedings{xue-ebird,
  author    = {Yexiang Xue and
               Bistra N. Dilkina and
               Theodoros Damoulas and
               Daniel Fink and
               Carla P. Gomes and
               Steve Kelling},
  title     = {Improving Your Chances: Boosting Citizen Science Discovery},
  booktitle = {Proceedings of the 1st Conference on Human Computation and Crowdsourcing},
  year      = {2013},
  ee        = {http://www.aaai.org/ocs/index.php/HCOMP/HCOMP13/paper/view/7477},
  bibsource = {DBLP, http://dblp.uni-trier.de}
}

@Article{lintott-galaxy-zoo,
  author        = {Chris J. Lintott and Kevin Schawinski and AnÅ¾e Slosar and Kate Land and Steven Bamford and Daniel Thomas and M. Jordan Raddick and Robert C. 
Nichol and Alex Szalay and Dan Andreescu and Phil Murray and Jan Vandenberg},
  title         = {Galaxy Zoo: morphologies derived from visual inspection of ga
laxies from the Sloan Digital Sky Survey},
  journal       = {Monthly Notices of the Royal Astronomical Society},
  volume        = 389,
  number        = 3,
  year          = 2008,
  month         = sep,
  pages         = {1179--1189}
}

@article{bubeck2012regret,
	title={Regret analysis of stochastic and nonstochastic multi-armed bandit problems},
	author={Bubeck, S{\'e}bastien and Cesa-Bianchi, Nicol\`{o}},
	journal={Foundations and Trends{\textregistered} in Machine Learning},
	volume={5},
	number={1},
	pages={1--122},
	year={2012},
	publisher={Now Publishers, Inc.}
}

@misc{wang2010product,
  title={Product or Service Review Summarization Using Attributes},
  author={Wang, Ye-Yi and Yaman, Sibel},
  year={2010},
  month=jul # "~1",
  publisher={Google Patents},
  note={US Patent App. 12/346,903}
}

@article{liu2012movie,
  title={Movie rating and review summarization in mobile environment},
  author={Liu, Chien-Liang and Hsaio, Wen-Hoar and Lee, Chia-Hoang and Lu, Gen-Chi and Jou, Emery},
  journal={IEEE Transactions on Systems, Man, and Cybernetics, Part C (Applications and Reviews)},
  volume={42},
  number={3},
  pages={397--407},
  year={2012},
  publisher={IEEE}
}

@inproceedings{abulaish2009feature,
  title={Feature and opinion mining for customer review summarization},
  author={Abulaish, Muhammad and Doja, Mohammad Najmud and Ahmad, Tanvir and others},
  booktitle={Proceedings of the 3rd International Conference on Pattern Recognition and Machine Intelligence},
  pages={219--224},
  year={2009},
  organization={Springer}
}
