@book{CL06,
        Author = {N. Cesa-Bianchi and G. Lugosi},
	        Publisher = cambridge,
		        Title = {Prediction, Learning, and Games},
			        Year = 2006}


@article{CBMS07,
author = "N. Cesa-Bianchi and Y. Mansour and G. Stolz",
title = "Improved second-order bounds for prediction
with expert advice",
journal = "Machine Learning",
volume = 66,
number = "2--3",
pages = "321--352",
year = 2007
}

@article{GW95,
author = "M. X. Goemans and D. P. Williamson",
title = "Improved
approximation algorithms for maximum cut and satisfiability
problems using semidefinite programming",
journal = "Journal of the ACM",
volume = 42,
number = 6,
pages = "1115--1145",
year = 1995
}

@inproceedings{HZ01,
author = "E. Halperin and U. Zwick",
title =  "Combinatorial approximation
algorithms for the maximum directed cut problem",
booktitle = "Proceedings of SODA",
pages = "1-–7",
year = 2001
}
@inproceedings{BFS15,
author = "N. Buchbinder and M. Feldman and R. Schwartz",
title =  "Online Submodular Maximization with Preemption",
booktitle = "Proceedings of SODA",
pages = "1202-–1216",
year = 2015
}

@aRTICLE{AS99,
author = "A. A. Ageev and M. I. Sviridenko",
title = "An 0.828 approximation
algorithm for the uncapacitated facility location problem",
journal = "Discrete Applied Mathematics",
volume = 93,
pages = "149–156",
year = 1999
}

@inproceedings{GK05,
booktitle = "Proceedings of CCC",
author = "V. Guruswami and S. Khot",
title = "Hardness of {Max 3-SAT} with no mixed clauses",
year = 2005
}
@inproceedings{HMS08,
 author = {Hartline, J. and Mirrokni, V. and Sundararajan, M.},
  title = {Optimal marketing strategies over social networks},
   booktitle = {Proceedings of the 17th international conference on World Wide Web (WWW)},
     year = {2008},
        pages = {189--198}
}
	

@article{revsub,
author = "S. Dughmi and T. Roughgarden and Mukund Sundararajan",
title = "Revenue Submodularity",
journal = "Theory of Computing",
year = 2012,
volume = 8,
pages = "95--119",
note = "Article 5"
}

@article{SU13,
author = "A. S. Schulz and N. A. Uhan",
title = "Approximating the least core value and least core of
cooperative games with supermodular costs",
journal = "Discrete Optimization",
year = 2013,
volume = 10,
pages = "163--180"
}

@article{IFF01,
author = "S. Iwata and L. Fleischer and S. Fujishige",
title = "A combinatorial strongly polynomial algorithm for minimizing submodular functions",
journal = "Journal of the ACM",
year = 2001,
volume = 48,
number = 4,
pages = "761--777"
}

@article{S00,
author = "A. Schrijver",
title = "A Combinatorial Algorithm Minimizing Submodular Functions in Strongly 
Polynomial Time",
journal = "Journal of Combinatorial Theory, Series B",
year = 2000,
volume = 80,
number = 2,
pages = "346-355"
}

@book{milgrom,
        Author = {P. Milgrom},
	        Publisher = cambridge,
		        Title = {Putting Auction Theory to Work},
			        Year = 2004}
@phdthesis{vondrak,
author = "J. Vondrak",
title = "Submodularity in Combinatorial Optimization",
year = 2007,
school = "Charles University"
}

@unpublished{shaddin,
author = "S. Dughmi",
title = "Submodular Functions: Extensions, Distributions, and Algorithms. A Survey",
year = 2011,
note = "arXiv:0912.0322v4"
}

@article{bach13,
author = "F. Bach",
title = "Learning with Submodular Functions: A Convex Optimization Perspective",
journal = "Foundations and Trends in Machine Learning",
volume = 6,
number = "2-3",
pages = "145--373",
year = 2013
}

@inproceedings{D+17,
author = "M. Dudik and N. Haghtalab and H. Luo and R. E. Scahpire and V. Sygkanis and J. {Wortman Vaughan}",
title = "Oracle-Efficient Online Learning and Auction Design",
booktitle = "Proceedings of {\em FOCS}",
year = 2017
}

@article{FS97,
author = "Y. Freund and R. E. Schapire",
title = "A Decision-Theoretic Generalization of On-Line Learning and an Application to Boosting",
journal = jcss,
volume = 55,
number = 1,
pages = "119--139",
year = 1997
}
@article{LW94,
	Author = {N. Littlestone and M. K. Warmuth},
	Journal = {Information and Computation},
	Number = {2},
	Pages = {212--261},
	Title = {The Weighted Majority Algorithm},
	Volume = {108},
	Year = {1994}}

@book {GLS88,
  AUTHOR =       {Gr{\"o}tschel, Martin and Lov{\'a}sz, L{\'a}szl{\'o}
                    and Schrijver, Alexander},
		      TITLE =        {Geometric algorithms and combinatorial optimization},
		        PUBLISHER =    {Springer-Verlag},
			  ADDRESS =      {Berlin},
			    YEAR =         {1988}
			      }
			      
@inproceedings{HK16,
author = "E. Hazan and T. Koren",
title = "The Computational Power of Optimization in Online Learning",
booktitle = "Proceedings of {\em STOC}",
year = 2016
}

@article{HK12,
author = "E. Hazan and S. Kale",
title = "Online Submodular Minimization",
journal = "Journal of Machine Learning Research",
volume = 13,
year = 2012,
pages = "2903--2922"
}

@article{AK08,
author = "B. Awerbuch and R. D. Kleinberg",
title = "Online linear optimization and adaptive routing",
journal = "Journal of Computer and System Sciences",
volume = 74,
number = 1,
year = 2008,
pages = "97--114"
}

@inproceedings{Z03,
author = "M. Zinkevich",
title = "Online Convex Programming
and Generalized Infinitesimal Gradient Ascent",
booktitle = "Proceedings of {\em ICML}",
year = 2003
}

@inproceedings{JB11,
author = "S. Jegelka and J. Blimes",
title = "Online Submodular Minimization for Combinatorial Structures",
booktitle = "Proceedings of {\em ICML}",
year = 2011
}

@inproceedings{FHT13,
author = "T. Fujita and K. Hatano and E. Takimoto",
title = "Combinatorial Online Prediction via
Metarounding",
booktitle = "Proceedings of {\em ALT}",
year = 2013,
pages = "68--82"
}

@inproceedings{BF16,
  title={Deterministic algorithms for submodular maximization problems},
  author={Buchbinder, Niv and Feldman, Moran},
  booktitle={Proceedings of the Twenty-Seventh Annual ACM-SIAM Symposium on Discrete Algorithms},
  pages={392--403},
  year={2016},
  organization={Society for Industrial and Applied Mathematics}
}

@article{BFNS15,
  title={A tight linear time (1/2)-approximation for unconstrained submodular maximization},
  author={Buchbinder, Niv and Feldman, Moran and Naor, Joseph (Seffi) and Schwartz, Roy},
  journal={SIAM Journal on Computing},
  volume={44},
  number={5},
  pages={1384--1402},
  year={2015},
  publisher={SIAM}
}

@article{KV05,
  title={Efficient algorithms for online decision problems},
  author={A. Kalai and S. Vempala},
  journal={Journal of Computer and System Sciences},
  volume={71},
  pages={291--307},
  year={2005}
}

@inproceedings{DS16,
  title={Learning in auctions: Regret is hard, envy is easy},
  author={Daskalakis, Constantinos and Syrgkanis, Vasilis},
  booktitle={Foundations of Computer Science (FOCS), 2016 IEEE 57th Annual Symposium on},
  pages={219--228},
  year={2016},
  organization={IEEE}
}

@inproceedings{DV12,
  title={From query complexity to computational complexity},
  author={Dobzinski, Shahar and Vondr{\'a}k, Jan},
  booktitle={Proceedings of the forty-fourth annual ACM symposium on Theory of computing},
  pages={1107--1116},
  year={2012},
  organization={ACM}
}

@article{FMV11,
  title={Maximizing non-monotone submodular functions},
  author={Feige, Uriel and Mirrokni, Vahab S and Vondr{\'a}k, Jan},
  journal={SIAM Journal on Computing},
  volume={40},
  number={4},
  pages={1133--1153},
  year={2011},
  publisher={SIAM}
}

@article{FNS11,
  title={Nonmonotone submodular maximization via a structural continuous greedy algorithm},
  author={Feldman, Moran and Naor, Joseph and Schwartz, Roy},
  journal={Automata, Languages and Programming},
  pages={342--353},
  year={2011},
  publisher={Springer}
}

@inproceedings{GV11,
  title={Submodular maximization by simulated annealing},
  author={{Oveis Gharan}, Shayan  and Vondr{\'a}k, Jan},
  booktitle={Proceedings of the twenty-second annual ACM-SIAM symposium on Discrete Algorithms},
  pages={1098--1116},
  year={2011},
  organization={Society for Industrial and Applied Mathematics}
}

@article{KKL09,
  title={Playing games with approximation algorithms},
  author={Kakade, Sham M and Kalai, Adam Tauman and Ligett, Katrina},
  journal={SIAM Journal on Computing},
  volume={39},
  number={3},
  pages={1088--1106},
  year={2009},
  publisher={SIAM}
}

@inproceedings{RW16,
  title={Minimizing regret with multiple reserves},
  author={Roughgarden, Tim and Wang, Joshua R},
  booktitle={Proceedings of the 2016 ACM Conference on Economics and Computation},
  pages={601--616},
  year={2016},
  organization={ACM}
}

@inproceedings{SG09,
  title={An online algorithm for maximizing submodular functions},
  author={Streeter, Matthew and Golovin, Daniel},
  booktitle={Advances in Neural Information Processing Systems},
  pages={1577--1584},
  year={2009}
}

@article{Blackwell56,
  title={An analog of the minimax theorem for vector payoffs},
  author={Blackwell, David},
  journal={Pacific Journal of Mathematics},
  volume={6},
  number={1},
  pages={1--8},
  year={1956},
  publisher={Mathematical Sciences Publishers}
}
