@book{nesterov2013introductory,
  title={Introductory {L}ectures on {C}onvex {O}ptimization: {A} {B}asic {C}ourse},
  author={Nesterov, Yurii},
  volume={87},
  year={2013},
  publisher={Springer Science \& Business Media}
}

@book{bubeck2015convex,
  title={Convex optimization: Algorithms and Complexity},
  author={Bubeck, S.},
  journal={Foundations and Trends in Machine Learning},
  volume={8},
  number={3-4},
  pages={231--357},
  year={2015},
  publisher={Now Publishers, Inc.}
}

@inproceedings{jain2016streaming,
  title={Streaming {PCA}: matching matrix {B}ernstein and near-optimal finite sample guarantees for {O}ja's algorithm},
  author={Jain, P. and Jin, C. and Kakade, S. M. and Netrapalli, P. and Sidford, A.},
  booktitle={Conference on Learning Theory},
  pages={1147--1164},
  year={2016}
}

@inproceedings{AllenLi2017-streampca,
 author = {{Allen-Zhu}, Z. and Li, Y.},
 title = {First efficient convergence for streaming k-{PCA}: a global, gap-free, and near-optimal rate},
 booktitle = {Proceedings of the 58th Symposium on Foundations of Computer Science},
 series = {FOCS~'17},
 year = {2017}
}


@article{polyak1992acceleration,
  title={Acceleration of stochastic approximation by averaging},
  author={Polyak, B. T. and Juditsky, A. B.},
  journal={SIAM Journal on Control and Optimization},
  volume={30},
  number={4},
  pages={838--855},
  year={1992},
  publisher={SIAM}
}

@inproceedings{zhang2016first,
  title={First-order methods for geodesically convex optimization},
  author={Zhang, H. and Sra, S.},
  booktitle={Conference on Learning Theory},
  pages={1617--1638},
  year={2016}
}

@article{edelman1998geometry,
  title={The geometry of algorithms with orthogonality constraints},
  author={Edelman, A. and Arias, T. A. and Smith, S. T.},
  journal={SIAM journal on Matrix Analysis and Applications},
  volume={20},
  number={2},
  pages={303--353},
  year={1998},
  publisher={SIAM}
}

@inproceedings{allen2017follow,
  title={Follow the compressed leader: faster online learning of eigenvectors and faster MMWU},
  author={Allen-Zhu, Z. and Li, Y.},
  booktitle={International Conference on Machine Learning},
  pages={116--125},
  year={2017}
}

@article{absil2004riemannian,
  title={Riemannian geometry of {G}rassmann manifolds with a view on algorithmic computation},
  author={Absil, P-A and Mahony, R. and Sepulchre, R.},
  journal={Acta Applicandae Mathematicae},
  volume={80},
  number={2},
  pages={199--220},
  year={2004},
  publisher={Springer}
}

@book{horn1990matrix,
  title={Matrix Analysis},
  author={Horn, R. A. and Johnson, C. R.},
  year={1990},
  publisher={Cambridge University Press}
}

@book{absil2009optimization,
  title={Optimization Algorithms on Matrix Manifolds},
  author={Absil, P-A and Mahony, R. and Sepulchre, R.},
  year={2009},
  publisher={Princeton University Press}
}

@article{ring2012optimization,
  title={Optimization methods on {R}iemannian manifolds and their application to shape space},
  author={Ring, W. and Wirth, B.},
  journal={SIAM Journal on Optimization},
  volume={22},
  number={2},
  pages={596--627},
  year={2012},
  publisher={SIAM}
}

@article{waldmann2012geometric,
  title={Geometric wave equations},
  author={Waldmann, S.},
  journal={arXiv preprint arXiv:1208.4706},
  year={2012}
}

@inproceedings{moulines2011non,
  title={Non-asymptotic analysis of stochastic approximation algorithms for machine learning},
  author={Bach, F. and Moulines, E.},
  booktitle={Advances in Neural Information Processing Systems},
  pages={451--459},
  year={2011}
}

@article{robbins1951stochastic,
  title={A stochastic approximation method},
  author={Robbins, H. and Monro, S.},
  journal={The Annals of Mathematical Statistics},
  pages={400--407},
  year={1951}
}

@book{do2016differential,
  title={Differential Geometry of Curves and Surfaces},
  author={Do Carmo, M. P.},
  year={2016},
  publisher={Courier Dover Publications}
}

@article{huang2015broyden,
  title={A {B}royden class of quasi-{N}ewton methods for {R}iemannian optimization},
  author={Huang, W. and Gallivan, K. A and Absil, P-A},
  journal={SIAM Journal on Optimization},
  volume={25},
  number={3},
  pages={1660--1685},
  year={2015},
  publisher={SIAM}
}

@article {AbsMal12,
    AUTHOR = {Absil, P.-A. and Malick, J.},
     TITLE = {Projection-like retractions on matrix manifolds},
   JOURNAL = {SIAM J. Optim.},
  FJOURNAL = {SIAM Journal on Optimization},
    VOLUME = {22},
      YEAR = {2012},
    NUMBER = {1},
     PAGES = {135--158}
}

	@article {Smi05,
    AUTHOR = {Smith, S. T.},
     TITLE = {Covariance, subspace, and intrinsic {C}ram\'er-{R}ao bounds},
   JOURNAL = {IEEE Trans. Signal Process.},
  FJOURNAL = {IEEE Transactions on Signal Processing},
    VOLUME = {53},
      YEAR = {2005},
    NUMBER = {5},
     PAGES = {1610--1630}
}

@article {Bou13,
    AUTHOR = {Boumal, N.},
     TITLE = {On intrinsic {C}ram\'er-{R}ao bounds for {R}iemannian
              submanifolds and quotient manifolds},
   JOURNAL = {IEEE Trans. Signal Process.},
  FJOURNAL = {IEEE Transactions on Signal Processing},
    VOLUME = {61},
      YEAR = {2013},
    NUMBER = {7},
     PAGES = {1809--1821}
}

@techreport{ruppert1988efficient,
  title={Efficient estimations from a slowly convergent Robbins-Monro process},
  author={Ruppert, D.},
  year={1988},
  institution={Cornell University Operations Research and Industrial Engineering}
}

@book{udriste1994convex,
  title={Convex Functions and Optimization Methods on Riemannian Manifolds},
  author={Udriste, C.},
  volume={297},
  year={1994},
  publisher={Springer Science \& Business Media}
}

@article{bonnabel2013stochastic,
  title={Stochastic gradient descent on {R}iemannian manifolds},
  author={Bonnabel, S.},
  journal={IEEE Transactions on Automatic Control},
  volume={58},
  number={9},
  pages={2217--2229},
  year={2013},
  publisher={IEEE}
}

@inproceedings{zhang2016riemannian,
  title={Riemannian {SVRG}: fast stochastic optimization on {R}iemannian manifolds},
  author={Zhang, H. and Reddi, S. J. and Sra, S.},
  booktitle={Advances in Neural Information Processing Systems},
  pages={4592--4600},
  year={2016}
}

@article{sato2017riemannian,
  title={Riemannian stochastic variance reduced gradient},
  author={Sato, H. and Kasai, H. and Mishra, B.},
  journal={arXiv preprint arXiv:1702.05594},
  year={2017}
}

@book {Sak96,
    AUTHOR = {Sakai, T.},
     TITLE = {Riemannian Geometry},
    SERIES = {Translations of Mathematical Monographs},
    VOLUME = {149},
 PUBLISHER = {American Mathematical Society},
      YEAR = {1996},
     PAGES = {xiv+358}}

     @article {Afs11,
    AUTHOR = {Afsari, B.},
     TITLE = {Riemannian {$L^p$} center of mass: existence, uniqueness, and
              convexity},
   JOURNAL = {Proc. Amer. Math. Soc.},
  FJOURNAL = {Proceedings of the American Mathematical Society},
    VOLUME = {139},
      YEAR = {2011},
    NUMBER = {2},
     PAGES = {655--673}}

@article{Pol90,
	author = "Polyak, B. T.",
	journal = "Avtomatika i Telemekhanika",
	number = "7",
	pages = "98--107",
	publisher = "Russian Academy of Sciences, Branch of Power Industry, Machine Building, Mechanics and Control Processes",
	title = "{A new method of stochastic approximation type}",
	volume = "51",
	year = "1990"
}

@book{BenPriMet90,
 author = {Benveniste, A. and Priouret, P. and M{\'e}tivier, M.},
 title = {Adaptive Algorithms and Stochastic Approximations},
 year = {1990},
 publisher = {Springer}

}

@article{NemJudLan08,
	Author = {Nemirovski, A. and Juditsky, A. and Lan, G. and Shapiro, A.},
	Journal = {SIAM J. Optim.},
	Number = {4},
	Pages = {1574--1609},
	Title = {Robust stochastic approximation approach to stochastic programming},
	Volume = {19},
	Year = {2008}}

@article {MisMeyBacSep13,
    AUTHOR = {Mishra, B. and Meyer, G. and Bach, F. and Sepulchre, R.},
     TITLE = {Low-rank optimization with trace norm penalty},
   JOURNAL = {SIAM J. Optim.},
  FJOURNAL = {SIAM Journal on Optimization},
    VOLUME = {23},
      YEAR = {2013},
    NUMBER = {4},
     PAGES = {2124--2149}}

     @article {IshAbsVanDeL11,
    AUTHOR = {Ishteva, M. and Absil, P.-A. and Van Huffel, S. and De
              Lathauwer, L.},
     TITLE = {Best low multilinear rank approximation of higher-order
              tensors, based on the {R}iemannian trust-region scheme},
   JOURNAL = {SIAM J. Matrix Anal. Appl.},
  FJOURNAL = {SIAM Journal on Matrix Analysis and Applications},
    VOLUME = {32},
      YEAR = {2011},
    NUMBER = {1},
     PAGES = {115--135}}

		@article {SunQinWri17,
    AUTHOR = {Sun, J. and Qu, Q. and Wright, J.},
     TITLE = {Complete dictionary recovery over the sphere {II}: recovery by
              {R}iemannian trust-region method},
   JOURNAL = {IEEE Trans. Inform. Theory},
  FJOURNAL = {Institute of Electrical and Electronics Engineers.
              Transactions on Information Theory},
    VOLUME = {63},
      YEAR = {2017},
    NUMBER = {2},
     PAGES = {885--914}}

     @article {AswBicTom11,
    AUTHOR = {Aswani, A. and Bickel, P. and Tomlin, C.},
     TITLE = {Regression on manifolds: estimation of the exterior
              derivative},
   JOURNAL = {Ann. Statist.},
  FJOURNAL = {The Annals of Statistics},
    VOLUME = {39},
      YEAR = {2011},
    NUMBER = {1},
     PAGES = {48--81}
}

@article {Fab68,
    AUTHOR = {Fabian, V.},
     TITLE = {On asymptotic normality in stochastic approximation},
   JOURNAL = {Ann. Math. Statist},
  FJOURNAL = {Annals of Mathematical Statistics},
    VOLUME = {39},
      YEAR = {1968},
     PAGES = {1327--1332}
}

@article{moakher2002means,
  title={Means and averaging in the group of rotations},
  author={Moakher, M.},
  journal={SIAM Journal on Matrix Analysis and Applications},
  volume={24},
  number={1},
  pages={1--16},
  year={2002},
  publisher={SIAM}
}

@article{bini2013computing,
  title={Computing the {K}archer mean of symmetric positive definite matrices},
  author={Bini, D. A and Iannazzo, B.},
  journal={Linear Algebra and its Applications},
  volume={438},
  number={4},
  pages={1700--1710},
  year={2013},
  publisher={Elsevier}
}

@inproceedings{hosseini2015matrix,
  title={Matrix manifold optimization for {G}aussian mixtures},
  author={Hosseini, R. and Sra, S.},
  booktitle={Advances in Neural Information Processing Systems},
  pages={910--918},
  year={2015}
}

@incollection{BouAbs11,
title = {{RTRMC}: A {R}iemannian trust-region method for low-rank matrix completion},
author = {Boumal, N. and Absil, P.-A.},
booktitle = {Advances in Neural Information Processing Systems 24},
pages = {406--414},
year = {2011}
}

@book {NevHas73,
    AUTHOR = {Nevelson, M. B. and Hasminski, R. Z.},
     TITLE = {Stochastic Approximation and Recursive Estimation},
 PUBLISHER = {American Mathematical Society},
      YEAR = {1973},
     PAGES = {iv+244}}

 @inproceedings{shamir2016fast,
   title={Fast stochastic algorithms for {SVD} and {PCA}: convergence properties and convexity},
   author={Shamir, O.},
   booktitle={International Conference on Machine Learning},
   pages={248--256},
   year={2016}
 }

 @article{Yan95,
 author = {Yang, B.},
 title = {Projection approximation subspace tracking},
 journal = {Trans. Sig. Proc.},
 issue_date = {January 1995},
 volume = {43},
 number = {1},
 month = jan,
 year = {1995},
 pages = {95--107},
 numpages = {13}
 }

 @Article{Oja82,
author="Oja, E.",
title="Simplified neuron model as a principal component analyzer",
journal="Journal of Mathematical Biology",
year="1982",
month="Nov",
day="01",
volume="15",
number="3",
pages="267--273"
}

@article {OjaKar85,
    AUTHOR = {Oja, E. and Karhunen, J.},
     TITLE = {On stochastic approximation of the eigenvectors and
              eigenvalues of the expectation of a random matrix},
   JOURNAL = {J. Math. Anal. Appl.},
  FJOURNAL = {Journal of Mathematical Analysis and Applications},
    VOLUME = {106},
      YEAR = {1985},
    NUMBER = {1},
     PAGES = {69--84}
}

@Article{Absil2007,
author="Absil, P.-A. and Baker, C.G. and Gallivan, K.A.",
title="Trust-region methods on {R}iemannian manifolds",
journal="Foundations of Computational Mathematics",
year="2007",
month="Jul",
day="01",
volume="7",
number="3",
pages="303--330"
}

@inproceedings{ShaShaSreSri09,
	author = "Shalev-Shwartz, S. and Shamir, O. and Srebro, N. and Sridharan, K.",
	booktitle = "{Proceedings of the International Conference on Learning Theory (COLT)}",
	title = "{Stochastic convex optimization.}",
	year = "2009"
}

@book{KusYin03,
	author = "Kushner, H. and Yin, G G.",
	publisher = "Springer",
	title = "{Stochastic {A}pproximation and Recursive Algorithms and Applications}",
	year = "2003"
}

@incollection{bottou-98x,
  author = {Bottou, L.},
  title = {Online algorithms and stochastic approximations},
  booktitle = {Online Learning and Neural Networks},
  publisher = {Cambridge University Press},
  address = {Cambridge, UK},
  year = {1998}
}

@article {NesVia08,
    AUTHOR = {Nesterov, Y. and Vial, J.-P.},
     TITLE = {Confidence level solutions for stochastic programming},
   JOURNAL = {Automatica J. IFAC},
  FJOURNAL = {Automatica. A Journal of IFAC, the International Federation of
              Automatic Control},
    VOLUME = {44},
      YEAR = {2008},
    NUMBER = {6},
     PAGES = {1559--1568}
}
<<<<<<< HEAD


@InProceedings{shamir16b,
  title = 	 {Convergence of stochastic gradient descent for {PCA}},
  author = 	 {Shamir, O.},
  booktitle = 	 {Proceedings of The 33rd International Conference on Machine Learning},
  pages = 	 {257--265},
  year = 	 {2016},
  volume = 	 {48},
  series = 	 {Proceedings of Machine Learning Research},
  month = 	 {20--22 Jun},
  publisher = 	 {PMLR}
}

@article{reiss2016non,
  title={Non-asymptotic upper bounds for the reconstruction error of {PCA}},
  author={Rei{\ss}, M. and Wahl, M.},
  journal={arXiv preprint arXiv:1609.03779},
  year={2016}
}

@article {CaiMaWu13,
    AUTHOR = {Cai, T. T. and Ma, Z. and Wu, Y.},
     TITLE = {Sparse {PCA}: optimal rates and adaptive estimation},
   JOURNAL = {Ann. Statist.},
  FJOURNAL = {The Annals of Statistics},
    VOLUME = {41},
      YEAR = {2013},
    NUMBER = {6},
     PAGES = {3074--3110}
}

@InProceedings{FlaBac17,
  title = 	 {Stochastic Composite Least-Squares Regression with Convergence Rate ${O}(1/n)$},
  author = 	 {Flammarion, N. and Bach, F.},
  booktitle = 	 {Proceedings of the 2017 Conference on Learning Theory},
  pages = 	 {831--875},
  year = 	 {2017},
  volume = 	 {65},
  series = 	 {Proceedings of Machine Learning Research},
  month = 	 {07--10 Jul},
  publisher = 	 {PMLR}
}

@book {BouLac85,
    AUTHOR = {Bougerol, P. and Lacroix, J.},
     TITLE = {Products of Random Matrices with Applications to {S}chr\"odinger Operators},
    SERIES = {Progress in Probability and Statistics},
    VOLUME = {8},
 PUBLISHER = {Birkh\"auser},
      YEAR = {1985},
     PAGES = {xii+283}
}
@book{van1998asymptotic,
  title={Asymptotic statistics},
  author={Van der Vaart, Aad W},
  volume={3},
  year={1998},
  publisher={Cambridge university press}
}
