@article{herau2002isotropic,
  title={{Isotropic hypoellipticity and trend to the equilibrium for the {F}okker-{P}lanck equation with high degree potential}},
  author={H{\'e}rau, Fr{\'e}d{\'e}ric},
  booktitle={Journ{\'e}es {E}quations aux D{\'e}riv{\'e}es Partielles},
  pages={1--13},
  publisher={CNRS},
  year={2002}
}


@article{kramers1940brownian,
  title={Brownian motion in a field of force and the diffusion model of chemical reactions},
  author={Kramers, Hendrik A.},
  journal={Physica},
  volume={7},
  number={4},
  pages={284--304},
  year={1940},
  publisher={Elsevier}
}

@article{gorham2016measuring,
  title={Measuring sample quality with diffusions},
  author={Gorham, Jack and Duncan, Andrew B. and Vollmer, Sebastian J. and Mackey, Lester},
  journal={arXiv preprint arXiv:1611.06972},
  year={2016}
}

@inproceedings{krichene2015accelerated,
  title={Accelerated mirror descent in continuous and discrete time},
  author={Krichene, Walid and Bayen, Alexandre and Bartlett, Peter},
  booktitle={Advances in Neural Information Processing Systems},
  pages={2845--2853},
  year={2015}
}

@article{eberle2017couplings,
  title={{Couplings and quantitative contraction rates for {L}angevin dynamics}},
  author={Eberle, Andreas and Guillin, Arnaud and Zimmer, Raphael},
  journal={arXiv preprint arXiv:1703.01617},
  year={2017}
}

@book{dric2009hypocoercivity,
  title={Hypocoercivity},
  author={Villani, Cedric},
  year={2009},
  publisher={American Mathematical Society}
}

@article{wibisono2016variational,
author = {Wibisono, Andre and Wilson, Ashia C. and Jordan, Michael I.}, 
title = {A variational perspective on accelerated methods in optimization},
volume = {113}, 
number = {47}, 
pages = {E7351-E7358}, 
year = {2016}, 
doi = {10.1073/pnas.1614734113}, 
abstract ={Accelerated gradient methods play a central role in optimization, achieving optimal rates in many settings. Although many generalizations and extensions of Nesterov�s original acceleration method have been proposed, it is not yet clear what is the natural scope of the acceleration concept. In this paper, we study accelerated methods from a continuous-time perspective. We show that there is a Lagrangian functional that we call the Bregman Lagrangian, which generates a large class of accelerated methods in continuous time, including (but not limited to) accelerated gradient descent, its non-Euclidean extension, and accelerated higher-order gradient methods. We show that the continuous-time limit of all of these methods corresponds to traveling the same curve in spacetime at different speeds. From this perspective, Nesterov�s technique and many of its generalizations can be viewed as a systematic way to go from the continuous-time curves generated by the Bregman Lagrangian to a family of discrete-time accelerated algorithms.}, 
URL = {http://www.pnas.org/content/113/47/E7351.abstract}, 
eprint = {http://www.pnas.org/content/113/47/E7351.full.pdf}, 
journal = {Proceedings of the National Academy of Sciences} 
}

@book{dragomir2000some,
  title={Some {G}ronwall Type Inequalities and Applications},
  author={Dragomir, Sever S.},
  publisher={Nova Science Publishers},
  year = {2003}
}

@article{dets,
  title={Determinants of block matrices},
  author={Silvester, John R},
  journal={The Mathematical Gazette},
  volume={84},
  number={501},
  pages={460--467},
  year={2000}
}

@article{durmus,
  title={{Sampling from strongly log-concave distributions with the {U}nadjusted {L}angevin {A}lgorithm}},
  author={Durmus, Alain and Moulines, Eric},
  journal={arXiv preprint arXiv:1605.01559},
  year={2016}
}

@book{pav,
  title={Stochastic Processes and Applications},
  author={Pavliotis, Grigorios A.},
  year={2016},
  publisher={Springer}
}

@book{brownian,
  title={Brownian Motion},
  author={M{\"o}rters, Peter and Peres, Yuval},
  year={2010},
  publisher={Cambridge University Press}
}

@book{villani,
  title={Optimal Transport: Old and New},
  author={Villani, C{\'e}dric},
  year={2008},
  publisher={Springer Science and Business Media}
}

@inproceedings{neal,
  title={{MCMC using {H}amiltonian dynamics}},
  author={Neal, Radford M.},
  booktitle={Handbook of Markov Chain Monte Carlo},
  year={2011},
  publisher={CRC Press}
}

@article{dalalyan,
  title={Theoretical guarantees for approximate sampling from smooth and log-concave densities},
  author={Dalalyan, Arnak S.},
  journal={Journal of the Royal Statistical Society: Series B},
  volume={79},
  number={3},
  pages={651--676},
  year={2017}
}

@article{betan,
  title={{The geometric foundations of {H}amiltonian {M}onte {C}arlo}},
  author={Betancourt, Michael and Byrne, Simon and Livingstone, Sam and Girolami, Mark},
  journal={Bernoulli},
  volume={23},
  number={4A},
  pages={2257--2298},
  year={2017}
}

@article{baudoin2016wasserstein,
  title={Wasserstein contraction properties for hypoelliptic diffusions},
  author={Baudoin, Fabrice},
  journal={arXiv preprint arXiv:1602.04177},
  year={2016}
}

@article{bolley2010trend,
  title={{Trend to equilibrium and particle approximation for a weakly self-consistent Vlasov-Fokker-Planck equation}},
  author={Bolley, Fran{\c{c}}ois and Guillin, Arnaud and Malrieu, Florent},
  journal={ESAIM: Mathematical Modelling and Numerical Analysis},
  volume={44},
  number={5},
  pages={867--884},
  year={2010}
}

@article{calogero2012exponential,
  title={{Exponential convergence to equilibrium for kinetic {F}okker-{P}lanck equations}},
  author={Calogero, Simone},
  journal={Communications in Partial Differential Equations},
  volume={37},
  number={8},
  pages={1357--1390},
  year={2012}
}

@article{dolbeault2015hypocoercivity,
  title={Hypocoercivity for linear kinetic equations conserving mass},
  author={Dolbeault, Jean and Mouhot, Cl{\'e}ment and Schmeiser, Christian},
  journal={Transactions of the American Mathematical Society},
  volume={367},
  number={6},
  pages={3807--3828},
  year={2015}
}

@article{mischler2014exponential,
  title={{Exponential stability of slowly decaying solutions to the kinetic {F}okker-{P}lanck equation}},
  author={Mischler, St{\'e}phane and Mouhot, Cl{\'e}ment},
  journal={arXiv preprint arXiv:1412.7487},
  year={2014}
}

@inproceedings{su2014differential,
  title={{A differential equation for modeling {N}esterov's accelerated gradient method: Theory and insights}},
  author={Su, Weijie and Boyd, Stephen and Candes, Emmanuel},
  booktitle={Advances in Neural Information Processing Systems},
  pages={2510--2518},
  year={2014}
}

@article{nesterov,
  title={A method of solving a convex programming problem with convergence rate $\mathcal{O}(1/k^2)$},
  author={Nesterov, Yurii},
  journal={Soviet Mathematics Doklady},
  volume = {27},
  number ={2},
  pages = {372--376},
  year ={1983}
}

@article{polyak,
  title={Some methods of speeding up the convergence of iteration methods},
  author={Polyak, Boris T},
  journal={USSR Computational Mathematics and Mathematical Physics},
  volume={4},
  number={5},
  pages={1--17},
  year={1964}
}

@inproceedings{ma,
  title={{A complete recipe for stochastic gradient MCMC}},
  author={Ma, Yi-An and Chen, Tianqi and Fox, Emily},
  booktitle={Advances in Neural Information Processing Systems},
  pages={2917--2925},
  year={2015}
}

@article{gronwall1919note,
  title={{Note on the derivatives with respect to a parameter of the solutions of a system of differential equations}},
  author={Gronwall, Thomas H.},
  journal={Annals of Mathematics},
  volume={20},
  pages={292--296},
  year={1919},
  publisher={JSTOR}
}

@article{dalalyan2017user,
  title={User-friendly guarantees for the {Langevin Monte Carlo} with inaccurate gradient},
  author={Dalalyan, Arnak S and Karagulyan, Avetik G},
  journal={arXiv preprint arXiv:1710.00095},
  year={2017}
}


@article{gelfand1991recursive,
  title={Recursive stochastic algorithms for global optimization in $\mathbb{R}^{d}$},
  author={Gelfand, Saul B and Mitter, Sanjoy K},
  journal={SIAM Journal on Control and Optimization},
  volume={29},
  number={5},
  pages={999--1018},
  year={1991},
  publisher={SIAM}
}

@article{lee2017convergence,
  title={{Convergence Rate of Riemannian Hamiltonian Monte Carlo and Faster Polytope Volume Computation}},
  author={Lee, Yin Tat and Vempala, Santosh S},
  journal={arXiv preprint arXiv:1710.06261},
  year={2017}
}

@article{mangoubi2017rapid,
  title={{Rapid Mixing of Hamiltonian Monte Carlo on Strongly Log-Concave Distributions}},
  author={Mangoubi, Oren and Smith, Aaron},
  journal={arXiv preprint arXiv:1708.07114},
  year={2017}
}

@article{roberts1996exponential,
  title={Exponential convergence of {Langevin} distributions and their discrete approximations},
  author={Roberts, Gareth O and Tweedie, Richard L},
  journal={Bernoulli},
  pages={341--363},
  year={1996},
  publisher={JSTOR}
}

@article{raginsky2017non,
  title={{Non-convex learning via Stochastic Gradient Langevin Dynamics: a nonasymptotic analysis}},
  author={Raginsky, Maxim and Rakhlin, Alexander and Telgarsky, Matus},
  journal={arXiv preprint arXiv:1702.03849},
  year={2017}
}

@article{cheng2017convergence,
  title={{Convergence of Langevin MCMC in KL-divergence}},
  author={Cheng, Xiang and Bartlett, Peter},
  journal={arXiv preprint arXiv:1705.09048},
  year={2017}
}

@incollection{brockett1997oscillatory,
  title={Oscillatory descent for function minimization},
  author={Brockett, Roger},
  booktitle={Current and future directions in applied mathematics},
  pages={65--82},
  year={1997},
  publisher={Springer}
}