@InProceedings{Bubeck18,
author = {Bubeck, Sébastien and Rigollet, Philippe},
title = {Conference on Learning Theory 2018: Preface},
pages = {1-1},
abstract = {Preface to the proceedings of the 31st Conference On Learning Theory.}
}


