@STRING{IEEE_T_INFO       = "{IEEE} Trans. Inform. Theory"}
@STRING{ICC       = "{IEEE ICC}"}
@STRING{IEEE_JSAC       = "{IEEE} J. Select. Areas Commun."}
@STRING{JACM      = "J. of the {ACM}"}
@STRING{IEEE_COMM    = "{IEEE} Communications Magazine"}
@STRING{IEEE_TOC     = "{IEEE} Trans. Commun."}
@STRING{SICOMP       = "{SIAM} J. on Computing"}
@STRING{IEEE_TON     = "{IEEE/ACM} Trans. Networking"}
@STRING{IEEE_J_COML       = "{IEEE} Commun. Lett."}
@STRING{IEEE_J_C          = "{IEEE} Trans. Comput."}
@STRING{IEEE_J_COMM         = "{IEEE} Trans. Commun."}
@STRING{INFOCOM         = "{IEEE Infocom}"}
@STRING{GLOBECOM        = "{IEEE Globecom}"}

%to use a defined variable: example:   "journal = INFOCOM," without quotes orbrackets

@Inbook{Simonnet1996,
	author="Simonnet, Michel",
	title="The Strong Law of Large Numbers",
	bookTitle="Measures and Probabilities",
	year="1996",
	publisher="Springer New York",
	address="New York, NY",
	pages="311--325",
	isbn="978-1-4612-4012-9",
	doi="10.1007/978-1-4612-4012-9_15",
	url="http://dx.doi.org/10.1007/978-1-4612-4012-9_15"
}


@Inbook{Klenke2014,
	author="Klenke, Achim",
	title="Law of the Iterated Logarithm",
	bookTitle="Probability Theory: A Comprehensive Course",
	year="2014",
	publisher="Springer London",
	address="London",
	pages="509--519",
	isbn="978-1-4471-5361-0",
	doi="10.1007/978-1-4471-5361-0_22",
	url="http://dx.doi.org/10.1007/978-1-4471-5361-0_22"
}


@article{fisher1992law,
	title={On the law of the iterated logarithm for martingales},
	author={Fisher, Evan},
	journal={The Annals of Probability},
	pages={675--680},
	year={1992},
	publisher={JSTOR}
}

@incollection{van1996weak,
	title={Weak convergence},
	author={Van Der Vaart, Aad W and Wellner, Jon A},
	booktitle={Weak Convergence and Empirical Processes},
	pages={16--28},
	year={1996},
	publisher={Springer}
}

@book{van2000asymptotic,
	title={Asymptotic statistics},
	author={Van der Vaart, Aad W},
	volume={3},
	year={2000},
	publisher={Cambridge university press}
}

@article{robbins1952some,
	title={Some aspects of the sequential design of experiments},
	author={Robbins, Herbert},
	journal={Bulletin of the American Mathematical Society},
	volume={58},
	number={5},
	pages={527--535},
	year={1952},
	publisher={American Mathematical Society}
}

@article{lai1985asymptotically,
	title={Asymptotically efficient adaptive allocation rules},
	author={Lai, Tze Leung and Robbins, Herbert},
	journal={Advances in applied mathematics},
	volume={6},
	number={1},
	pages={4--22},
	year={1985},
	publisher={Citeseer}
}

@article{auer2002finite,
	title={Finite-time analysis of the multiarmed bandit problem},
	author={Auer, Peter and Cesa-Bianchi, Nicolo and Fischer, Paul},
	journal={Machine learning},
	volume={47},
	number={2-3},
	pages={235--256},
	year={2002},
	publisher={Springer}
}

@inproceedings{maillard2011finite,
	title={A Finite-Time Analysis of Multi-armed Bandits Problems with Kullback-Leibler Divergences.},
	author={Maillard, Odalric-Ambrym and Munos, R{\'e}mi and Stoltz, Gilles},
	booktitle={COLT},
	pages={497--514},
	year={2011}
}

@inproceedings{agrawal2012analysis,
	title={Analysis of Thompson Sampling for the Multi-armed Bandit Problem.},
	author={Agrawal, Shipra and Goyal, Navin},
	booktitle={COLT},
	pages={39--1},
	year={2012}
}

@book{bertsekas1995dynamic,
	title={Dynamic programming and optimal control},
	author={Bertsekas, Dimitri P and Bertsekas, Dimitri P and Bertsekas, Dimitri P and Bertsekas, Dimitri P},
	volume={1},
	number={2},
	year={1995},
	publisher={Athena Scientific Belmont, MA}
}

@article{mannor2011mean,
	title={Mean-variance optimization in Markov decision processes},
	author={Mannor, Shie and Tsitsiklis, John},
	journal={arXiv preprint arXiv:1104.5601},
	year={2011}
}

@article{whittle1988restless,
	title={Restless bandits: Activity allocation in a changing world},
	author={Whittle, Peter},
	journal={Journal of applied probability},
	volume={25},
	number={A},
	pages={287--298},
	year={1988},
	publisher={Cambridge Univ Press}
}

@article{gittins1979bandit,
	title={Bandit processes and dynamic allocation indices},
	author={Gittins, John C},
	journal={Journal of the Royal Statistical Society. Series B (Methodological)},
	pages={148--177},
	year={1979},
	publisher={JSTOR}
}


@inproceedings{sani2012risk,
	title={Risk-aversion in multi-armed bandits},
	author={Sani, Amir and Lazaric, Alessandro and Munos, R{\'e}mi},
	booktitle={Advances in Neural Information Processing Systems},
	pages={3275--3283},
	year={2012}
}

@inproceedings{maillard2013robust,
	title={Robust risk-averse stochastic multi-armed bandits},
	author={Maillard, Odalric-Ambrym},
	booktitle={International Conference on Algorithmic Learning Theory},
	pages={218--233},
	year={2013},
	organization={Springer}
}

@article{vakili2016risk,
	title={Risk-Averse Multi-Armed Bandit Problems under Mean-Variance Measure},
	author={Vakili, Sattar and Zhao, Qing},
	journal={IEEE Journal of Selected Topics in Signal Processing},
	volume={10},
	number={6},
	pages={1093--1111},
	year={2016},
	publisher={IEEE}
}


@inproceedings{galichet2013exploration,
	title={Exploration vs Exploitation vs Safety: Risk-Aware Multi-Armed Bandits.},
	author={Galichet, Nicolas and Sebag, Michele and Teytaud, Olivier},
	booktitle={ACML},
	pages={245--260},
	year={2013}
}

@article{grant2007expected,
	title={Expected utility theory},
	author={Grant, Simon and Van Zandt, Timothy},
	year={2007}
}


@article{bubeck2012regret,
	title={Regret analysis of stochastic and nonstochastic multi-armed bandit problems},
	author={Bubeck, S{\'e}bastien and Cesa-Bianchi, Nicolo},
	journal={Foundations and Trends{\textregistered} in Machine Learning},
	volume={5},
	number={1},
	pages={1--122},
	year={2012},
	publisher={Now Publishers, Inc.}
}


@article{artzner1999coherent,
	title={Coherent measures of risk},
	author={Artzner, Philippe and Delbaen, Freddy and Eber, Jean-Marc and Heath, David},
	journal={Mathematical finance},
	volume={9},
	number={3},
	pages={203--228},
	year={1999},
	publisher={Wiley Online Library}
}

@article{massart1990tight,
	title={The tight constant in the Dvoretzky-Kiefer-Wolfowitz inequality},
	author={Massart, Pascal},
	journal={The annals of Probability},
	volume={18},
	number={3},
	pages={1269--1283},
	year={1990},
	publisher={Institute of Mathematical Statistics}
}

@article{dvoretzky1956asymptotic,
	title={Asymptotic minimax character of the sample distribution function and of the classical multinomial estimator},
	author={Dvoretzky, Aryeh and Kiefer, Jack and Wolfowitz, Jacob},
	journal={The Annals of Mathematical Statistics},
	pages={642--669},
	year={1956},
	publisher={JSTOR}
}

@article{rockafellar2000optimization,
	title={Optimization of conditional value-at-risk},
	author={Rockafellar, R Tyrrell and Uryasev, Stanislav},
	journal={Journal of risk},
	volume={2},
	pages={21--42},
	year={2000}
}

@inproceedings{auer1995gambling,
	title={Gambling in a rigged casino: The adversarial multi-armed bandit problem},
	author={Auer, Peter and Cesa-Bianchi, Nicolo and Freund, Yoav and Schapire, Robert E},
	booktitle={Foundations of Computer Science, 1995. Proceedings., 36th Annual Symposium on},
	pages={322--331},
	year={1995},
	organization={IEEE}
}

@article{zimin2014generalized,
	title={Generalized risk-aversion in stochastic multi-armed bandits},
	author={Zimin, Alexander and Ibsen-Jensen, Rasmus and Chatterjee, Krishnendu},
	journal={arXiv preprint arXiv:1405.0833},
	year={2014}
}





