@STRING{TVE = {{\VAN{Erven}{Van}{van}} Erven, Tim}}
@STRING{DVDH = {{\VAN{Hoeven}{Van der}{van der}} Hoeven, Dirk}}
@STRING{SdR = {{\VAN{Rooij}{De}{de}} Rooij, Steven}}

% This file was created with JabRef 2.10.
% Encoding: ISO8859_1
@book{BarndorffNielsen78,
  author =	 {Ole E. Barndorff-Nielsen},
  title = 	 {Information and Exponential Families in Statistical Theory},
  publisher = 	 {Wiley},
  year = 	 1978,
  address =	 {Chichester, UK}
}

@book{GrunwaldBook,
  author =	 {Gr\"unwald, Peter D.},
  title = 	 {The Minimum Description Length Principle},
  publisher = 	 {MIT Press},
  year = 	 2007
}

@article{Scrible,
  author    = {Jacob Abernethy and
               Elad Hazan and
               Alexander Rakhlin},
  title     = {Interior-Point Methods for Full-Information and Bandit Online Learning},
  journal   = {{IEEE} Trans. Information Theory},
  volume    = {58},
  number    = {7},
  pages     = {4164--4175},
  year      = {2012},
}

@inproceedings{Dani_et_al_2007,
  author    = {Varsha Dani and
               Thomas Hayes and
               Sham Kakade},
  title     = {The Price of Bandit Information for Online Optimization},
  booktitle = {Advances in Neural Information Processing Systems 20 (NIPS)},
  pages     = {345--352},
  year      = {2007}
}

@ARTICLE{ShaiBook,
  author = {Shai Shalev-Shwartz},
  title = {Online Learning and Online Convex Optimization},
  journal = {Foundations and Trends in Machine Learning},
  year = {2011},
  volume = {4},
  pages = {107--194},
  number = {2}
}

@inproceedings{Bubeck12,
  author = {Bubeck, S{\'e}bastien and Cesa-Bianchi, Nicol{\`o} and Kakade, Sham M.},
  booktitle = {Proceedings of the 25th Annual Conference on Learning Theory (COLT)},
  title = {Towards Minimax Policies for Online Linear Optimization with Bandit Feedback},
  year = 2012,
  pages = {41.1--41.14}
}

@inproceedings{abernethy2008,
  title={Competing in the Dark: An Efficient Algorithm for Bandit Linear Optimization.},
  author={Abernethy, Jacob and Hazan, Elad and Rakhlin, Alexander},
  booktitle={Proceedings of the 21th Annual Conference on Learning Theory (COLT)},
  pages={263--274},
  year={2008}
}

@Article{HelmboldWarmuth2009,
  Title                    = {Learning Permutations with {E}xponential {W}eights},
  Author                   = {David P. Helmbold and Manfred K. Warmuth},
  Journal                  = {Journal of Machine Learning Research},
  Year                     = {2009},
  Pages                    = {1705--1736},
  Volume                   = {10}
}

@Article{OrabonaCrammerCesaBianchi2015,
  Title                    = {A Generalized {O}nline {M}irror {D}escent with Applications to Classification and Regression},
  Author                   = {Orabona, Francesco
and Crammer, Koby
and Cesa-Bianchi, Nicol{\`o}},
  Journal                  = {Machine Learning},
  Year                     = {2015},
  Number                   = {3},
  Pages                    = {411--435},
  Volume                   = {99}
}

@inproceedings{zinkevich2003,
  title={Online Convex Programming and Generalized Infinitesimal {G}radient {A}scent},
  author={Zinkevich, Martin},
  year={2003},
  booktitle={Proceedings of the 20th International Conference on Machine Learning (ICML)},
  pages = {928-936}
}

@book{CesaBianchiLugosi2006,
  title={Prediction, Learning, and Games},
  author={Cesa-Bianchi, Nicol{\`o} and Lugosi, G{\'a}bor},
  year={2006},
  publisher={Cambridge university press}
}

@article{bregman1967,
  title={The Relaxation Method of Finding the Common Point of Convex Sets and its Application to the Solution of Problems in Convex Programming},
  author={Bregman, Lev M.},
  journal={USSR computational mathematics and mathematical physics},
  volume={7},
  number={3},
  pages={200--217},
  year={1967},
  publisher={Elsevier}
}


@article{KivinenWarmuth,
  title={{E}xponentiated {G}radient Versus {G}radient {D}escent for Linear Predictors},
  author={Kivinen, Jyrki and Warmuth, Manfred K.},
  journal={Information and Computation},
  volume={132},
  number={1},
  pages={1--63},
  year={1997},
  publisher={Elsevier}
}

@INPROCEEDINGS{VanErvenKoolen2016,
  author = TVE # { and Wouter M. Koolen},
  title = {MetaGrad: Multiple Learning Rates in Online Learning},
  booktitle = {Advances in Neural Information Processing Systems 29 (NIPS)},
  year = {2016},
  pages = {3666--3674}
}

@book{ihara1993information,
  title={Information Theory for Continuous Systems},
  author={Ihara, Shunsuke},
  volume={2},
  year={1993},
  publisher={World Scientific}
}

@MASTERSTHESIS{vanderHoeven2016,
  author = DVDH,
  title={Is {M}irror {D}escent a Special Case of {E}xponential {W}eights?},
  school = {Leiden University, The Netherlands},
  year={2016},
  note = {Available from \url{http://pub.math.leidenuniv.nl/~hoevendvander/}}
}

@article{banerjee2005,
  title={Clustering with {B}regman Divergences},
  author={Banerjee, Arindam and Merugu, Srujana and Dhillon, Inderjit S. and Ghosh, Joydeep},
  journal={The Journal of Machine Learning Research},
  volume={6},
  pages={1705--1749},
  year={2005},
  publisher={JMLR. org}
}

@inproceedings{nielsen2010,
  title={Entropies and Cross-entropies of Exponential Families},
  author={Nielsen, Frank and Nock, Richard},
  booktitle={17th IEEE International Conference on Image Processing (ICIP)},
  pages={3621--3624},
  year={2010},
  organization={IEEE}
}

@inproceedings{bubeck2014,
  title={The Entropic Barrier: a simple and Optimal Universal Self-concordant Barrier},
  author={Bubeck, S{\'e}bastien and Eldan, Ronen},
  booktitle={Proceedings of the 28th Annual Conference on Learning Theory (COLT)},
  pages={279--279},
  year={2015}
}



@article{petersen2008matrix,
  title={The Matrix Cookbook},
  author={Petersen, Kaare Brandt and Pedersen, Michael Syskind and others},
  journal={Technical University of Denmark},
  volume={7},
  pages={15},
  year={2008}
}

@inproceedings{KoolenVanErven2015,
  title={Second-order Quantile Methods for Experts and Combinatorial Games},
  author={Koolen, Wouter M. and } # TVE,
  booktitle={Proceedings of The 28th Conference on Learning Theory (COLT)},
  pages={1155-1175},
  year={2015}
}

@article{vovk1990aggregating,
  title={Aggregating strategies},
  author={Vovk, Volodimir G.},
  journal={Proceedings of 3rd Annual Workshop on Computational Learning Theory (COLT)},
  year={1990},
  pages = {}
}

@article{hazan2016introduction,
  title={Introduction to online convex optimization},
  author={Hazan, Elad},
  journal={Foundations and Trends in Optimization},
  volume={2},
  number={3-4},
  pages={157--325},
  year={2016},
  publisher={Now Publishers, Inc.}
}


@book{barndorff2014,
  title={Information and exponential families in statistical theory},
  author={Barndorff-Nielsen, Ole},
  year={2014},
  publisher={John Wiley \& Sons}
}

@article{kakade2009duality,
  title={On the duality of strong convexity and strong smoothness: Learning applications and matrix regularization},
  author={Kakade, Sham and Shalev-Shwartz, Shai and Tewari, Ambuj},
  journal={Unpublished Manuscript, http://ttic. uchicago. edu/shai/papers/KakadeShalevTewari09. pdf},
  year={2009}
}

@inproceedings{OrabonaPal2016,
  title={Coin betting and parameter-free online learning},
  author={Orabona, Francesco and P{\'a}l, D{\'a}vid},
  booktitle={Advances in Neural Information Processing Systems 29 (NIPS)},
  pages={577--585},
  year={2016}
}

@article{koolen2016blog,
title = {Exploiting Curvature Using {E}xponential {W}eights},
author={Koolen, Wouter M.},
journal = {Blog September 6: \url{http://blog.wouterkoolen.info/EW4Quadratic/post.html}},
year={2016}
}

@ARTICLE{Csiszar1975,
  author = {Imre Csisz{\'a}r},
  title = {I-divergence Geometry of Probability Distributions and
  Minimization Problems},
  journal = {The Annals of Probability},
  year = {1975},
  volume = {3},
  pages = {146--158},
  number = {1}
}

@ARTICLE{Vovk2001,
  author = {Volodimir G. Vovk},
  title = {Competitive On-line Statistics},
  journal = {International Statistical Review},
  year = {2001},
  volume = {69},
  pages = {213--248},
  number = {2}
}

@ARTICLE{DeRooijVanErvenGrunwaldKoolen2014,
  author = SdR # { and } # TVE # { and Peter D. Gr{\"u}nwald and Wouter
	M. Koolen},
  title = {{F}ollow the {L}eader If You Can, {H}edge If You Must},
  journal = {Journal of Machine Learning Research},
  year = {2014},
  volume = {15},
  pages = {1281--1316}
}

@inproceedings{KoolenGrunwaldVanErven2016,
  title={Combining adversarial guarantees and stochastic fast rates in online learning},
  author={Koolen, Wouter M. and Gr{\"u}nwald, Peter and } # TVE,
  booktitle={Advances in Neural Information Processing Systems 29 (NIPS)},
  pages={4457--4465},
  year={2016}
}


@article{koolen2015blog,
title = {The Relative Entropy Bound for {S}quint},
author={Koolen, Wouter M.},
journal = {Blog August 13: \url{http://blog.wouterkoolen.info/Squint_PAC/post.html}},
year={2015}
}

@article{CesaBianchiMansourStoltz2007,
  title={Improved second-order bounds for prediction with expert advice},
  author={Cesa-Bianchi, Nicol{\`o} and Mansour, Yishay and Stoltz, Gilles},
  journal={Machine Learning},
  volume={66},
  number={2-3},
  pages={321--352},
  year={2007},
  publisher={Springer}
}

@article{HazanAgarwalKale2007,
  title={Logarithmic regret algorithms for online convex optimization},
  author={Hazan, Elad and Agarwal, Amit and Kale, Satyen},
  journal={Machine Learning},
  volume={69},
  number={2-3},
  pages={169--192},
  year={2007},
  publisher={Springer}
}

@article{OrabonaCrammerCesaBianchi,
  title={A generalized {o}nline {m}irror {d}escent with applications to classification and regression},
  author={Orabona, Francesco and Crammer, Koby and Cesa-Bianchi, Nicol{\`o}},
  journal={Machine Learning},
  volume={99},
  number={3},
  pages={411--435},
  year={2015},
  publisher={Springer}
}



@article{FreundSchapire1997,
  title={A decision-theoretic generalization of on-line learning and an application to boosting},
  author={Freund, Yoav and Schapire, Robert E.},
  journal={Journal of computer and system sciences},
  volume={55},
  number={1},
  pages={119--139},
  year={1997},
  publisher={Elsevier}
}

@article{kalai2002efficient,
  title={Efficient algorithms for universal portfolios},
  author={Kalai, Adam and Vempala, Santosh},
  journal={Journal of Machine Learning Research},
  volume={3},
  number={Nov},
  pages={423--440},
  year={2002}
}

@article{aueretal2002,
  title={The nonstochastic multiarmed bandit problem},
  author={Auer, Peter and Cesa-Bianchi, Nicol{\`o} and Freund, Yoav and Schapire, Robert E.},
  journal={SIAM journal on computing},
  volume={32},
  number={1},
  pages={48--77},
  year={2002},
  publisher={SIAM}
}

@article{DevaineGaillardYannigGoudeStoltz2012,
  title={Forecasting electricity consumption by aggregating specialized experts},
  author={Devaine, Marie and Gaillard, Pierre and Goude, Yannig and Stoltz, Gilles},
  journal={Machine Learning},
  volume={90},
  number={2},
  pages={231--260},
  year={2013},
  publisher={Springer}
}

@article{DworkBook2014,
  title={The algorithmic foundations of differential privacy},
  author={Dwork, Cynthia and Roth, Aaron},
  journal={Foundations and Trends in Theoretical Computer Science},
  volume={9},
  number={3--4},
  pages={211--407},
  year={2014},
  publisher={Now Publishers, Inc.}
}

@book{Grunwald2007,
  title={The minimum description length principle},
  author={Gr{\"u}nwald, Peter D.},
  year={2007},
  publisher={MIT press}
}

@article{krichevsky1981performance,
  title={The performance of universal encoding},
  author={Krichevsky, Raphail and Trofimov, Victor},
  journal={IEEE Transactions on Information Theory},
  volume={27},
  number={2},
  pages={199--207},
  year={1981},
  publisher={IEEE}
}

@article{Cover1991,
  title={Universal portfolios},
  author={Cover, Thomas M.},
  journal={Mathematical Finance},
  volume={1},
  pages={1--29},
  year={1991}
}

@inproceedings{orseau2017soft,
  title={Soft-{B}ayes: Prod for mixtures of experts with log-loss},
  author={Orseau, Laurent and Lattimore, Tor and Legg, Shane},
  booktitle={International Conference on Algorithmic Learning Theory 28 (ALT)},
  pages={372--399},
  year={2017}
}

@article{Arora,
  title={The Multiplicative Weights Update Method: a Meta-Algorithm and Applications.},
  author={Arora, Sanjeev and Hazan, Elad and Kale, Satyen},
  journal={Theory of Computing},
  volume={8},
  number={1},
  pages={121--164},
  year={2012}
}

@article{XieBarron,
  title={Asymptotic minimax regret for data compression, gambling, and prediction},
  author={Xie, Qun and Barron, Andrew R.},
  journal={IEEE Transactions on Information Theory},
  volume={46},
  number={2},
  pages={431--445},
  year={2000},
  publisher={IEEE}
}

@article{NarayananRakhlin2017,
  title={Efficient sampling from time-varying log-concave distributions},
  author={Narayanan, Hariharan and Rakhlin, Alexander},
  journal={The Journal of Machine Learning Research},
  volume={18},
  number={1},
  pages={4017--4045},
  year={2017},
  publisher={JMLR. org}
}

@article{LittlestoneWarmuth1994,
title = "The {W}eighted {M}ajority Algorithm",
journal = "Information and Computation",
volume = "108",
number = "2",
pages = "212--261",
year = "1994",
comment-issn = "0890-5401",
comment-doi = "https://doi.org/10.1006/inco.1994.1009",
comment-url = "http://www.sciencedirect.com/science/article/pii/S0890540184710091",
author = "Nick Littlestone and Manfred K. Warmuth"
}

@inproceedings{Vovk1990,
  author = {Volodimir G. Vovk},
  booktitle = {Proceedings of the 3rd Annual Conference on Learning Theory (COLT)},
  title = {Aggregating Strategies},
  year = {1990},
  pages = {371-383}
}



@InProceedings{DickGyorgyCzepesvari2014,
  title = 	 {Online Learning in {M}arkov Decision Processes with Changing Cost Sequences},
  author = 	 {Travis Dick and Andr{\'a}s Gy{\"o}rgy and Csaba
  Szepesv{\'a}ri},
  booktitle = 	 {Proceedings of the 31st International Conference on Machine Learning (ICML)},
  pages = 	 {512--520},
  year = 	 {2014},
  comment-editor = 	 {Eric P. Xing and Tony Jebara},
  comment-volume = 	 {32},
  comment-number =       {1},
  comment-series = 	 {Proceedings of Machine Learning Research},
}

