neil@surfer-172-29-3-5-hotspot.internet-for-guests.com.736