@article{BubeckCLL17:arxiv,
  title={An homotopy method for $\ell_p$ regression provably beyond self-concordance and in input-sparsity time},
  author={Bubeck, S{\'e}bastien and Cohen, Michael B and Lee, Yin Tat and Li, Yuanzhi},
  journal={arXiv preprint arXiv:1711.01328},
  year={2017},
  note = {Available at: https://arxiv.org/abs/1711.01328}
}

@inproceedings{cohenpeng,
 author = {Cohen, Michael B. and Peng, Richard},
 title = {$\ell_p$ Row Sampling by Lewis Weights},
 booktitle = {Proceedings of the Forty-seventh Annual ACM Symposium on Theory of Computing},
 series = {STOC '15},
 year = {2015},
 isbn = {978-1-4503-3536-2},
 location = {Portland, Oregon, USA},
 pages = {183--192},
 numpages = {10},
 url = {http://doi.acm.org/10.1145/2746539.2746567},
 doi = {10.1145/2746539.2746567},
 acmid = {2746567},
 publisher = {ACM},
 address = {New York, NY, USA},
 keywords = {lp regression, lewis weights, matrix concentration bounds, row sampling},
} 


@inproceedings{YangCRM16,
	author = {Yang, Jiyan and Chow, Yin-Lam and R{\'e}, Christopher and Mahoney, Michael W.},
	title = {Weighted {SGD} for $\ell_p$ Regression with Randomized Preconditioning},
	booktitle = {Proceedings of the Twenty-seventh Annual ACM-SIAM Symposium on Discrete Algorithms},
	series = {SODA '16},
	year = {2016},
	isbn = {978-1-611974-33-1},
	location = {Arlington, Virginia},
	pages = {558--569},
	numpages = {12},
	url = {http://dl.acm.org/citation.cfm?id=2884435.2884476},
	acmid = {2884476},
	publisher = {Society for Industrial and Applied Mathematics},
	address = {Philadelphia, PA, USA},
}

@inproceedings{AllenZhuH16,
  author = {Allen-Zhu, Zeyuan and Hazan, Elad},
  title = {Optimal Black-box Reductions Between Optimization Objectives},
  booktitle = {Proceedings of the 30th International Conference on Neural Information Processing Systems},
  series = {NIPS'16},
  year = {2016},
  isbn = {978-1-5108-3881-9},
  location = {Barcelona, Spain},
  pages = {1614--1622},
  numpages = {9},
  url = {http://dl.acm.org/citation.cfm?id=3157096.3157277},
  acmid = {3157277},
  publisher = {Curran Associates Inc.},
  address = {USA},
} 

@inproceedings{AllenZhu17,
  author    = {Zeyuan {Allen Zhu}},
  title     = {Katyusha: the first direct acceleration of stochastic gradient methods},
  booktitle = {Proceedings of the 49th Annual {ACM} {SIGACT} Symposium on Theory
               of Computing, {STOC} 2017, Montreal, QC, Canada, June 19-23, 2017},
  pages     = {1200--1205},
  year      = {2017},
  url       = {http://doi.acm.org/10.1145/3055399.3055448},
  doi       = {10.1145/3055399.3055448},
  timestamp = {Sat, 17 Jun 2017 18:46:57 +0200},
  biburl    = {http://dblp.uni-trier.de/rec/bib/conf/stoc/Zhu17},
  bibsource = {dblp computer science bibliography, http://dblp.org}
}

@inproceedings{LeeS15,
 author = {Lee, Yin Tat and Sidford, Aaron},
 title = {Efficient Inverse Maintenance and Faster Algorithms for Linear Programming},
 booktitle = {Proceedings of the 2015 IEEE 56th Annual Symposium on Foundations of Computer Science (FOCS)},
 series = {FOCS '15},
 year = {2015},
 isbn = {978-1-4673-8191-8},
 pages = {230--249},
 numpages = {20},
 url = {http://dx.doi.org/10.1109/FOCS.2015.23},
 doi = {10.1109/FOCS.2015.23},
 acmid = {2880040},
 publisher = {IEEE Computer Society},
 address = {Washington, DC, USA},
}

@article{Foster53,
 ISSN = {00034851},
 URL = {http://www.jstor.org/stable/2236286},
 author = {F. G. Foster},
 journal = {The Annals of Mathematical Statistics},
 number = {3},
 pages = {355--360},
 publisher = {Institute of Mathematical Statistics},
 title = {On the Stochastic Matrices Associated with Certain Queuing Processes},
 volume = {24},
 year = {1953}
}

@inproceedings{CohenLMMPS15,
 author = {Cohen, Michael B. and Lee, Yin Tat and Musco, Cameron and Musco, Christopher and Peng, Richard and Sidford, Aaron},
 title = {Uniform Sampling for Matrix Approximation},
 booktitle = {Proceedings of the 2015 Conference on Innovations in Theoretical Computer Science},
 series = {ITCS '15},
 year = {2015},
 isbn = {978-1-4503-3333-7},
 location = {Rehovot, Israel},
 pages = {181--190},
 numpages = {10},
 url = {http://doi.acm.org/10.1145/2688073.2688113},
 doi = {10.1145/2688073.2688113},
 acmid = {2688113},
 publisher = {ACM},
 address = {New York, NY, USA},
 keywords = {leverage scores, matrix sampling, randomized numerical linear algebra, regression},
}

@misc{Harvey12,
  author        = {Nick Harvey},
  title         = {Matrix Concentration and Sparsification},
  year          = {2012},
  howpublished  = {Workshop on ``Randomized Numerical Linear Algebra (RandNLA): Theory and Practice"},
  note      = {Available at: http://www.drineas.org/RandNLA/slides/Harvey\_RandNLA@FOCS\_2012.pdf}
}

@article{Tropp12,
 author = {Tropp, Joel A.},
 title = {User-Friendly Tail Bounds for Sums of Random Matrices},
 journal = {Foundations of Computational Mathematics},
 issue_date = {August 2012},
 volume = {12},
 number = {4},
 month = aug,
 year = {2012},
 issn = {1615-3375},
 pages = {389--434},
 numpages = {46},
 url = {http://dx.doi.org/10.1007/s10208-011-9099-z},
 doi = {10.1007/s10208-011-9099-z},
 acmid = {2347804},
 publisher = {Springer-Verlag New York, Inc.},
 address = {Secaucus, NJ, USA},
 keywords = {Large deviation, Probability inequality, Random matrix, Sum of independent random variables},
 note = {Available at http://arxiv.org/abs/1004.4389}
}

@article{Woodruff14,
 author = {Woodruff, David P.},
 title = {Sketching As a Tool for Numerical Linear Algebra},
 journal = {Found. Trends Theor. Comput. Sci.},
 issue_date = {October 2014},
 volume = {10},
 number = {1\&\#8211;2},
 month = oct,
 year = {2014},
 issn = {1551-305X},
 pages = {1--157},
 numpages = {157},
 url = {http://dx.doi.org/10.1561/0400000060},
 doi = {10.1561/0400000060},
 acmid = {2693652},
 publisher = {Now Publishers Inc.},
 address = {Hanover, MA, USA},
}

@inproceedings{LeGall14,
 author = {Le Gall, Fran\c{c}ois},
 title = {Powers of Tensors and Fast Matrix Multiplication},
 booktitle = {Proceedings of the 39th International Symposium on Symbolic and Algebraic Computation},
 series = {ISSAC '14},
 year = {2014},
 isbn = {978-1-4503-2501-1},
 location = {Kobe, Japan},
 pages = {296--303},
 numpages = {8},
 url = {http://doi.acm.org/10.1145/2608628.2608664},
 doi = {10.1145/2608628.2608664},
 acmid = {2608664},
 publisher = {ACM},
 address = {New York, NY, USA},
 keywords = {algebraic complexity theory, matrix multiplication},
}

@article{DavieS13,
 author = {Davie, A. M. and Stothers, A. J.},
 title = {Improved bound for complexity of matrix multiplication},
 journal = {Proceedings of the Royal Society of Edinburgh: Section A Mathematics},
 volume = {143},
 number = {2},
 year = {2013},
 pages = {351--369},
 doi = {10.1017/S0308210511001648},
 publisher={Royal Society of Edinburgh Scotland Foundation},
}

@inproceedings{Williams12,
 author = {Williams, Virginia Vassilevska},
 title = {Multiplying Matrices Faster Than Coppersmith-winograd},
 booktitle = {Proceedings of the Forty-fourth Annual ACM Symposium on Theory of Computing},
 series = {STOC '12},
 year = {2012},
 isbn = {978-1-4503-1245-5},
 location = {New York, New York, USA},
 pages = {887--898},
 numpages = {12},
 url = {http://doi.acm.org/10.1145/2213977.2214056},
 doi = {10.1145/2213977.2214056},
 acmid = {2214056},
 publisher = {ACM},
 address = {New York, NY, USA},
 keywords = {matrix multiplication},
}

@article{Bubeck15,
 author = {Bubeck, S{\'e}bastien},
 title = {Convex Optimization: Algorithms and Complexity},
 journal = {Found. Trends Mach. Learn.},
 issue_date = {11 2015},
 volume = {8},
 number = {3-4},
 month = nov,
 year = {2015},
 issn = {1935-8237},
 pages = {231--357},
 numpages = {127},
 url = {http://dx.doi.org/10.1561/2200000050},
 doi = {10.1561/2200000050},
 acmid = {2858998},
 publisher = {Now Publishers Inc.},
 address = {Hanover, MA, USA},
}

@book{Nesterov14,
 author = {Nesterov, Yurii},
 title = {Introductory Lectures on Convex Optimization: A Basic Course},
 year = {2014},
 isbn = {1461346916, 9781461346913},
 edition = {1},
 publisher = {Springer Publishing Company, Incorporated},
} 

@article{HazanOCO,
	title={Introduction to online convex optimization},
	author={Hazan, Elad},
	journal={Foundations and Trends{\textregistered} in Optimization},
	volume={2},
	number={3-4},
	pages={157--325},
	year={2016},
	publisher={Now Publishers, Inc.}
}

@article{Sachdeva2014faster,
 author = {Sachdeva, Sushant and Vishnoi, Nisheeth K.},
 title = {Faster Algorithms via Approximation Theory},
 journal={Foundations and Trends{\textregistered} in Theoretical Computer Science},
  issue_date = {March 2014},
 volume = {9},
 number = {2},
 month = mar,
 year = {2014},
 issn = {1551-305X},
 pages = {125--210},
 numpages = {86},
 url = {http://dx.doi.org/10.1561/0400000065},
 doi = {10.1561/0400000065},
 acmid = {2693055},
 publisher = {Now Publishers Inc.},
 address = {Hanover, MA, USA},
 keywords = {Budget Optimization, E-commerce, Internet Advertising, Online Algorithms, Online Stochastic Optimization},
}

@inproceedings{ClarksonDMMMW13,
 author = {Clarkson, Kenneth L. and Drineas, Petros and Magdon-Ismail, Malik and Mahoney, Michael W. and Meng, Xiangrui and Woodruff, David P.},
 title = {The Fast Cauchy Transform and Faster Robust Linear Regression},
 booktitle = {Proceedings of the Twenty-fourth Annual ACM-SIAM Symposium on Discrete Algorithms},
 series = {SODA '13},
 year = {2013},
 isbn = {978-1-611972-51-1},
 location = {New Orleans, Louisiana},
 pages = {466--477},
 numpages = {12},
 url = {http://dl.acm.org/citation.cfm?id=2627817.2627851},
 acmid = {2627851},
 publisher = {Society for Industrial and Applied Mathematics},
 address = {Philadelphia, PA, USA},
}

@inproceedings{YangMM13,
 author = {Yang, Jiyan and Meng, Xiangrui and Mahoney, Michael W.},
 title = {Quantile Regression for Large-scale Applications},
 booktitle = {Proceedings of the 30th International Conference on International Conference on Machine Learning - Volume 28},
 series = {ICML'13},
 year = {2013},
 location = {Atlanta, GA, USA},
 pages = {III-881--III-887},
 url = {http://dl.acm.org/citation.cfm?id=3042817.3043035},
 acmid = {3043035},
 publisher = {JMLR.org},
}

@inproceedings{MengM13mapreduce,
 author = {Meng, Xiangrui and Mahoney, Michael W.},
 title = {Robust Regression on Mapreduce},
 booktitle = {Proceedings of the 30th International Conference on International Conference on Machine Learning - Volume 28},
 series = {ICML'13},
 year = {2013},
 location = {Atlanta, GA, USA},
 pages = {III-888--III-896},
 url = {http://dl.acm.org/citation.cfm?id=3042817.3043036},
 acmid = {3043036},
 publisher = {JMLR.org},
}

@inproceedings{MengM13embedding,
 author = {Meng, Xiangrui and Mahoney, Michael W.},
 title = {Low-distortion Subspace Embeddings in Input-sparsity Time and Applications to Robust Linear Regression},
 booktitle = {Proceedings of the Forty-fifth Annual ACM Symposium on Theory of Computing},
 series = {STOC '13},
 year = {2013},
 isbn = {978-1-4503-2029-0},
 location = {Palo Alto, California, USA},
 pages = {91--100},
 numpages = {10},
 url = {http://doi.acm.org/10.1145/2488608.2488621},
 doi = {10.1145/2488608.2488621},
 acmid = {2488621},
 publisher = {ACM},
 address = {New York, NY, USA},
 keywords = {input-sparsity time, lp regression, linear regression, low-distortion embedding, robust regression, subspace embedding},
}


@inproceedings{Clarkson05,
 author = {Clarkson, Kenneth L.},
 title = {Subgradient and Sampling Algorithms for $\ell_1$ Regression},
 booktitle = {Proceedings of the Sixteenth Annual ACM-SIAM Symposium on Discrete Algorithms},
 series = {SODA '05},
 year = {2005},
 isbn = {0-89871-585-7},
 location = {Vancouver, British Columbia},
 pages = {257--266},
 numpages = {10},
 url = {http://dl.acm.org/citation.cfm?id=1070432.1070469},
 acmid = {1070469},
 publisher = {Society for Industrial and Applied Mathematics},
 address = {Philadelphia, PA, USA},
}

@article{Nesterov09,
 author = {Nesterov, Yurii},
 title = {Unconstrained Convex Minimization in Relative Scale},
 journal = {Mathematics of Operations Research},
 issue_date = {February 2009},
 volume = {34},
 number = {1},
 month = feb,
 year = {2009},
 issn = {0364-765X},
 pages = {180--193},
 numpages = {14},
 url = {http://dx.doi.org/10.1287/moor.1080.0348},
 doi = {10.1287/moor.1080.0348},
 acmid = {1535957},
 publisher = {INFORMS},
 address = {Institute for Operations Research and the Management Sciences (INFORMS), Linthicum, Maryland, USA},
 keywords = {complexity bounds, convex optimization, fully polynomial approximation schemes, gradient methods, nonlinear optimization, optimal methods, relative accuracy},
}

@inproceedings{SohlerW11,
 author = {Sohler, Christian and Woodruff, David P.},
 title = {Subspace Embeddings for the $\ell_1$-norm with Applications},
 booktitle = {Proceedings of the Forty-third Annual ACM Symposium on Theory of Computing},
 series = {STOC '11},
 year = {2011},
 isbn = {978-1-4503-0691-1},
 location = {San Jose, California, USA},
 pages = {755--764},
 numpages = {10},
 url = {http://doi.acm.org/10.1145/1993636.1993736},
 doi = {10.1145/1993636.1993736},
 acmid = {1993736},
 publisher = {ACM},
 address = {New York, NY, USA},
 keywords = {data stream algorithms, hyperplane fitting, regression, well-conditioned basis},
}

@article{DasguptaDHKM09,
 author = {Dasgupta, Anirban and Drineas, Petros and Harb, Boulos and Kumar, Ravi and Mahoney, Michael W.},
 title = {Sampling Algorithms and Coresets for $\ell_p$ Regression},
 journal = {SIAM J. Comput.},
 issue_date = {December 2008},
 volume = {38},
 number = {5},
 month = feb,
 year = {2009},
 issn = {0097-5397},
 pages = {2060--2078},
 numpages = {19},
 url = {http://dx.doi.org/10.1137/070696507},
 doi = {10.1137/070696507},
 acmid = {1654057},
 publisher = {Society for Industrial and Applied Mathematics},
 address = {Philadelphia, PA, USA},
 keywords = {\$\ell_p\$ regression, randomized algorithms, sampling algorithms},
}

@inproceedings{Vaidya89,
 author = {Vaidya, P. M.},
 title = {Speeding-up Linear Programming Using Fast Matrix Multiplication},
 booktitle = {Proceedings of the 30th Annual Symposium on Foundations of Computer Science},
 series = {SFCS '89},
 year = {1989},
 isbn = {0-8186-1982-1},
 pages = {332--337},
 numpages = {6},
 url = {http://dx.doi.org/10.1109/SFCS.1989.63499},
 doi = {10.1109/SFCS.1989.63499},
 acmid = {1398712},
 publisher = {IEEE Computer Society},
 address = {Washington, DC, USA},
 keywords = {multicommodity flow, linear programming, fast matrix multiplication, time complexity, minimum-cost flow, flow with losses},
}

@article{PortnoyK97,
author = {Portnoy, Stephen and Koenker, Roger},
doi = {10.1214/ss/1030037960},
fjournal = {Statistical Science},
journal = {Statistical Science},
month = {11},
number = {4},
pages = {279--300},
publisher = {The Institute of Mathematical Statistics},
title = {The Gaussian hare and the Laplacian tortoise: computability of
		 squared-error versus absolute-error estimators},
url = {http://dx.doi.org/10.1214/ss/1030037960},
volume = {12},
year = {1997}
}

@article{Portnoy97,
 ISSN = {07492170},
 URL = {http://www.jstor.org/stable/4355977},
 author = {Stephen Portnoy},
 journal = {Lecture Notes-Monograph Series},
 pages = {187--200},
 publisher = {Institute of Mathematical Statistics},
 title = {On Computation of Regression Quantiles: Making the Laplacian Tortoise Faster},
 volume = {31},
 year = {1997}
}


@article{ChenDS01,
 author = {Chen, Scott Shaobing and Donoho, David L. and Saunders, Michael A.},
 title = {Atomic Decomposition by Basis Pursuit},
 journal = {SIAM Rev.},
 issue_date = {2001},
 volume = {43},
 number = {1},
 month = jan,
 year = {2001},
 issn = {0036-1445},
 pages = {129--159},
 numpages = {31},
 url = {http://dx.doi.org/10.1137/S003614450037906X},
 doi = {10.1137/S003614450037906X},
 acmid = {588850},
 publisher = {Society for Industrial and Applied Mathematics},
 address = {Philadelphia, PA, USA},
 keywords = {\$\ell^1\$ norm optimization, MATLAB code, cosine packets, denoising, interior-point methods for linear programming, matching pursuit, multiscale edges, overcomplete signal representation, time-frequency analysis, time-scale analysis, total variation denoising, wavelet packets, wavelets},
}

@inproceedings{WoodruffZ13,
  author    = {David P. Woodruff and
               Qin Zhang},
  title     = {Subspace Embeddings and $\ell_p$-Regression
               Using Exponential Random Variables},
  booktitle = {{COLT} 2013 - The 26th Annual Conference on Learning Theory, June
               12-14, 2013, Princeton University, NJ, {USA}},
  pages     = {546--567},
  year      = {2013},
  url       = {http://jmlr.org/proceedings/papers/v30/Woodruff13.html},
  timestamp = {Wed, 21 Dec 2016 17:14:52 +0100},
  biburl    = {http://dblp.uni-trier.de/rec/bib/conf/colt/WoodruffZ13},
  bibsource = {dblp computer science bibliography, http://dblp.org}
}

@inproceedings{Nesterov83,
  title={A method of solving a convex programming problem with convergence rate ${O}(1/k^2)$},
  author={Nesterov, Yurii},
  booktitle={Soviet Mathematics Doklady},
  volume={27},
  pages={372--376},
  year={1983}
}


@inproceedings{CMMP13,
	author = {Chin, Hui Han and Madry, Aleksander and Miller, Gary L. and Peng, Richard},
	title = {Runtime Guarantees for Regression Problems},
	booktitle = {Proceedings of the 4th Conference on Innovations in Theoretical Computer Science},
	series = {ITCS '13},
	year = {2013},
	isbn = {978-1-4503-1859-4},
	location = {Berkeley, California, USA},
	pages = {269--282},
	numpages = {14},
	url = {http://doi.acm.org/10.1145/2422436.2422469},
	doi = {10.1145/2422436.2422469},
	acmid = {2422469},
	publisher = {ACM},
	address = {New York, NY, USA},
	keywords = {image processing, optimization, regression},
} 

@article{Lewis78,
author = {Lewis, D.},
journal = {Studia Mathematica},
keywords = {Basis; P-Absolutely Summing Operators; Extension; L2-Factorization Norm; Projection; Banach-Mazur Distance},
language = {eng},
number = {2},
pages = {207-212},
title = {Finite dimensional subspaces of $\ell_{p}$},
url = {http://eudml.org/doc/218208},
volume = {63},
year = {1978},
}

@article{Nesterov05smooth,
 author = {Nesterov, Yurii},
 title = {Smooth Minimization of Non-smooth Functions},
 journal = {Mathematical Programming},
 issue_date = {May 2005},
 volume = {103},
 number = {1},
 month = may,
 year = {2005},
 issn = {0025-5610},
 pages = {127--152},
 numpages = {26},
 url = {http://dx.doi.org/10.1007/s10107-004-0552-5},
 doi = {10.1007/s10107-004-0552-5},
 acmid = {1058103},
 publisher = {Springer-Verlag New York, Inc.},
 address = {Secaucus, NJ, USA},
 keywords = {Complexity theory, Convex optimization, Non-smooth optimization, Optimal methods, Structural optimization},
}

@article{Nesterov05gap,
 author = {Nesterov, Yurii},
 title = {Excessive Gap Technique in Nonsmooth Convex Minimization},
 journal = {SIAM Journal on Optimization},
 issue_date = {2005},
 volume = {16},
 number = {1},
 month = may,
 year = {2005},
 issn = {1052-6234},
 pages = {235--249},
 numpages = {15},
 url = {http://dx.doi.org/10.1137/S1052623403422285},
 doi = {10.1137/S1052623403422285},
 acmid = {1085585},
 publisher = {Society for Industrial and Applied Mathematics},
 address = {Philadelphia, PA, USA},
 keywords = {black-box oracle, complexity theory, convex optimization, nonsmooth optimization, optimal methods, structural optimization},
}

@article{Nesterov07,
 author = {Nesterov, Yurii},
 title = {Smoothing Technique and Its Applications in Semidefinite Optimization},
 journal = {Mathematical Programming},
 issue_date = {March 2007},
 volume = {110},
 number = {2},
 month = mar,
 year = {2007},
 issn = {0025-5610},
 pages = {245--259},
 numpages = {15},
 url = {http://dx.doi.org/10.1007/s10107-006-0001-8},
 doi = {10.1007/s10107-006-0001-8},
 acmid = {1237401},
 publisher = {Springer-Verlag New York, Inc.},
 address = {Secaucus, NJ, USA},
 keywords = {90C22, 90C25, 90C60},
}

@article{NesterovV08,
 author = {Nesterov, Yu. and Vial, J. -Ph.},
 title = {Confidence Level Solutions for Stochastic Programming},
 journal = {Automatica},
 issue_date = {June, 2008},
 volume = {44},
 number = {6},
 month = jun,
 year = {2008},
 issn = {0005-1098},
 pages = {1559--1568},
 numpages = {10},
 url = {http://dx.doi.org/10.1016/j.automatica.2008.01.017},
 doi = {10.1016/j.automatica.2008.01.017},
 acmid = {1377347},
 publisher = {Pergamon Press, Inc.},
 address = {Tarrytown, NY, USA},
 keywords = {Complexity estimate, Stochastic programming, Stochastic subgradient},
}

@article{NemirovskiJLS09,
 author = {Nemirovski, A. and Juditsky, A. and Lan, G. and Shapiro, A.},
 title = {Robust Stochastic Approximation Approach to Stochastic Programming},
 journal = {SIAM J. on Optimization},
 issue_date = {December 2008},
 volume = {19},
 number = {4},
 month = jan,
 year = {2009},
 issn = {1052-6234},
 pages = {1574--1609},
 numpages = {36},
 url = {http://dx.doi.org/10.1137/070704277},
 doi = {10.1137/070704277},
 acmid = {1654247},
 publisher = {Society for Industrial and Applied Mathematics},
 address = {Philadelphia, PA, USA},
 keywords = {Monte Carlo sampling, complexity, minimax problems, mirror descent algorithm, saddle point, sample average approximation method, stochastic approximation, stochastic programming},
}

@article{DuchiBW12,
  title={Randomized smoothing for stochastic optimization},
  author={Duchi, John C and Bartlett, Peter L and Wainwright, Martin J},
  journal={SIAM Journal on Optimization},
  volume={22},
  number={2},
  pages={674--701},
  year={2012},
  publisher={Society for Industrial and Applied Mathematics}
}

@inproceedings{OuyangG12,
 author = {Ouyang, Hua and Gray, Alexander},
 title = {Stochastic Smoothing for Nonsmooth Minimizations: Accelerating {SGD} by Exploiting Structure},
 booktitle = {Proceedings of the 29th International Coference on International Conference on Machine Learning},
 series = {ICML'12},
 year = {2012},
 isbn = {978-1-4503-1285-1},
 location = {Edinburgh, Scotland},
 pages = {1523--1530},
 numpages = {8},
 url = {http://dl.acm.org/citation.cfm?id=3042573.3042768},
 acmid = {3042768},
 publisher = {Omnipress},
 address = {USA},
}

@article{RS86ssgd,
title = {On convergence of the stochastic subgradient method with on-line stepsize rules},
journal = {Journal of Mathematical Analysis and Applications},
volume = {114},
number = {2},
pages = {512 - 527},
year = {1986},
note = {},
issn = {0022-247X},
doi = {http://dx.doi.org/10.1016/0022-247X(86)90104-6},
url = {http://www.sciencedirect.com/science/article/pii/0022247X86901046},
author = {Andrzej Ruszczynski and Wojciech Syski},
}

@article{AvronMT10,
author = {Haim Avron and Petar Maymounkov and Sivan Toledo},
title = {Blendenpik: Supercharging LAPACK's Least-Squares Solver},
journal = {SIAM Journal on Scientific Computing},
volume = {32},
number = {3},
pages = {1217-1236},
year = {2010},
doi = {10.1137/090767911},
URL = {https://doi.org/10.1137/090767911},
eprint = {https://doi.org/10.1137/090767911},
}

@article{price2017fast,
  author    = {Eric Price and
               Zhao Song and
               David P. Woodruff},
  title     = {Fast Regression with an l infty
               Guarantee},
  journal   = {CoRR},
  volume    = {abs/1705.10723},
  year      = {2017},
  url       = {http://arxiv.org/abs/1705.10723},
  timestamp = {Wed, 07 Jun 2017 14:40:39 +0200},
  biburl    = {http://dblp.uni-trier.de/rec/bib/journals/corr/PriceSW17},
  bibsource = {dblp computer science bibliography, http://dblp.org}
}

@article{avron2016faster,
  title={Faster kernel ridge regression using sketching and preconditioning},
  author={Avron, Haim and Clarkson, Kenneth L and Woodruff, David P},
  journal={arXiv preprint arXiv:1611.03220},
  year={2016}
}

@article{Farach-Colton2015,
 author = {Farach-Colton, Mart\'{\i}n and Tsai, Meng-Tsung},
 title = {Exact Sublinear Binomial Sampling},
 journal = {Algorithmica},
 issue_date = {December  2015},
 volume = {73},
 number = {4},
 month = dec,
 year = {2015},
 issn = {0178-4617},
 pages = {637--651},
 numpages = {15},
 url = {http://dx.doi.org/10.1007/s00453-015-0077-8},
 doi = {10.1007/s00453-015-0077-8},
 acmid = {2856924},
 publisher = {Springer-Verlag New York, Inc.},
 address = {Secaucus, NJ, USA},
 keywords = {Binomial distribution, Exact sampling, Sublinear sampling},
}
