%% This BibTeX bibliography file was created using BibDesk.
%% http://bibdesk.sourceforge.net/


%% Created for Jason Klusowski at 2017-08-26 21:16:39 -0400 


%% Saved with string encoding Unicode (UTF-8) 

@article{gleiser2003community,
  title={Community structure in jazz},
  author={Gleiser, Pablo M and Danon, Leon},
  journal={Advances in Complex Systems},
  volume={6},
  number={04},
  pages={565--573},
  year={2003},
  publisher={World Scientific}
}

@article{chen2015graph,
  title={Graph-based change-point detection},
  author={Chen, Hao and Zhang, Nancy and others},
  journal={The Annals of Statistics},
  volume={43},
  number={1},
  pages={139--176},
  year={2015},
  publisher={Institute of Mathematical Statistics}
}

@article{chu2017asymptotic,
  title={Asymptotic Distribution-Free Change-Point Detection for Modern Data},
  author={Chu, Lynna and Chen, Hao},
  journal={arXiv preprint arXiv:1707.00167},
  year={2017}
}

@article {Handcock2010,
    AUTHOR = {Handcock, Mark S. and Gile, Krista J.},
     TITLE = {Modeling social networks from sampled data},
   JOURNAL = {Ann. Appl. Stat.},
  FJOURNAL = {The Annals of Applied Statistics},
    VOLUME = {4},
      YEAR = {2010},
    NUMBER = {1},
     PAGES = {5--25},
      ISSN = {1932-6157},
   MRCLASS = {Expansion},
  MRNUMBER = {2758082},
       URL = {https://doi.org/10.1214/08-AOAS221},
}

@article{Reingen1986,
  title={Analysis of referral networks in marketing: Methods and illustration},
  author={Reingen, Peter H and Kernan, Jerome B},
  journal={Journal of Marketing Research},
  pages={370--378},
  year={1986},
  publisher={JSTOR}
}

@inproceedings{Govindan2000,
  title={Heuristics for Internet map discovery},
  author={Govindan, Ramesh and Tangmunarunkit, Hongsuda},
  booktitle={INFOCOM 2000. Nineteenth Annual Joint Conference of the IEEE Computer and Communications Societies. Proceedings. IEEE},
  volume={3},
  pages={1371--1380},
  year={2000},
  organization={IEEE}
}

@article{Stumpf2008,
  title={Estimating the size of the human interactome},
  author={Stumpf, Michael PH and Thorne, Thomas and de Silva, Eric and Stewart, Ronald and An, Hyeong Jun and Lappe, Michael and Wiuf, Carsten},
  journal={Proceedings of the National Academy of Sciences},
  volume={105},
  number={19},
  pages={6959--6964},
  year={2008},
  publisher={National Acad Sciences}
}

@article {MosselNeemanSly2015,
    AUTHOR = {Mossel, Elchanan and Neeman, Joe and Sly, Allan},
     TITLE = {Reconstruction and estimation in the planted partition model},
   JOURNAL = {Probab. Theory Related Fields},
  FJOURNAL = {Probability Theory and Related Fields},
    VOLUME = {162},
      YEAR = {2015},
    NUMBER = {3-4},
     PAGES = {431--461},
      ISSN = {0178-8051},
   MRCLASS = {60C05 (05C80)},
  MRNUMBER = {3383334},
MRREVIEWER = {Emma Yu Jin},
       URL = {https://doi.org/10.1007/s00440-014-0576-6},
}

@article{GaoLafferty2017,
  title={Testing Network Structure Using Relations Between Small Subgraph Probabilities},
  author={Gao, Chao and Lafferty, John},
  journal={arXiv preprint arXiv:1704.06742},
  year={2017}
}

@incollection{CS10,
 author = {Czumaj, Artur and Sohler, Christian},
 title = {Sublinear-time Algorithms},
 booktitle = {Property Testing},
 editor = {Goldreich, Oded},
 year = {2010},
 isbn = {3-642-16366-1, 978-3-642-16366-1},
 pages = {41--64},
 numpages = {24},
 acmid = {1980624},
 publisher = {Springer-Verlag},
 address = {Berlin, Heidelberg},
 keywords = {sublinear approximation algorithms, sublinear time algorithms},
} 

@incollection{GR11,
  title={On testing expansion in bounded-degree graphs},
  author={Goldreich, Oded and Ron, Dana},
  booktitle={Studies in Complexity and Cryptography. Miscellanea on the Interplay between Randomness and Computation},
  pages={68--75},
  year={2011},
  publisher={Springer}
}

@book{Goldreich17,
  title={Introduction to Property Testing},
  author={Goldreich, Oded},
  year={2017},
	publisher={Cambrdige University}
}

@article{aliakbarpour2017sublinear,
  title={Sublinear-Time Algorithms for Counting Star Subgraphs via Edge Sampling},
  author={Aliakbarpour, Maryam and Biswas, Amartya Shankha and Gouleakis, Themis and Peebles, John and Rubinfeld, Ronitt and Yodpinyanee, Anak},
  journal={Algorithmica},
  pages={1--30},
  publisher={Springer}
}

@book{Kolaczyk2009,
  title={Statistical Analysis of Network Data: Methods and Models},
  author={Kolaczyk, Eric D},
  year={2009},
  publisher={Springer Science \& Business Media}
}

@article {Borgs2008,
    AUTHOR = {Borgs, C. and Chayes, J. T. and Lov\'asz, L. and S\'os, V. T. and
              Vesztergombi, K.},
     TITLE = {Convergent sequences of dense graphs. {I}. {S}ubgraph
              frequencies, metric properties and testing},
   JOURNAL = {Adv. Math.},
  FJOURNAL = {Advances in Mathematics},
    VOLUME = {219},
      YEAR = {2008},
    NUMBER = {6},
     PAGES = {1801--1851},
      ISSN = {0001-8708},
   MRCLASS = {05C80 (05C12 05C35 68R10)},
  MRNUMBER = {2455626},
MRREVIEWER = {Michael Krivelevich},
       DOI = {10.1016/j.aim.2008.07.008},
       URL = {http://dx.doi.org/10.1016/j.aim.2008.07.008},
}

@book{Kolaczyk2017, place={Cambridge}, series={SemStat Elements}, title={Topics at the Frontier of Statistics and Network Analysis: (Re)Visiting the Foundations}, DOI={10.1017/9781108290159}, publisher={Cambridge University Press}, author={Kolaczyk, Eric D.}, year={2017}, collection={SemStat Elements}}

@article{Milo2002,
  title={Network motifs: simple building blocks of complex networks},
  author={Milo, Ron and Shen-Orr, Shai and Itzkovitz, Shalev and Kashtan, Nadav and Chklovskii, Dmitri and Alon, Uri},
  journal={Science},
  volume={298},
  number={5594},
  pages={824--827},
  year={2002},
  publisher={American Association for the Advancement of Science}
}

@article{Prvzulj2007,
  title={Biological network comparison using graphlet degree distribution},
  author={Pr{\v{z}}ulj, Nata{\v{s}}a},
  journal={Bioinformatics},
  volume={23},
  number={2},
  pages={e177--e183},
  year={2007},
  publisher={Oxford University Press}
}

@article{Prvzulj2004,
  title={Modeling interactome: scale-free or geometric?},
  author={Pr{\v{z}}ulj, Natasa and Corneil, Derek G and Jurisica, Igor},
  journal={Bioinformatics},
  volume={20},
  number={18},
  pages={3508--3515},
  year={2004},
  publisher={Oxford University Press}
}

@article{Alon2002,
  title={Network motifs: simple building blocks of complex networks},
  author={Milo, Ron and Shen-Orr, Shai and Itzkovitz, Shalev and Kashtan, Nadav and Chklovskii, Dmitri and Alon, Uri},
  journal={Science},
  volume={298},
  number={5594},
  pages={824--827},
  year={2002},
  publisher={American Association for the Advancement of Science}
}

@inproceedings{Duffield2014,
  title={Sampling for big data: a tutorial},
  author={Cormode, Graham and Duffield, Nick},
  booktitle={Proceedings of the 20th ACM SIGKDD International Conference on Knowledge Discovery and Data Mining},
  pages={1975--1975},
  year={2014},
  organization={ACM}
}

@article{Salganik2004,
  title={Sampling and estimation in hidden populations using respondent-driven sampling},
  author={Salganik, Matthew J and Heckathorn, Douglas D},
  journal={Sociological methodology},
  volume={34},
  number={1},
  pages={193--240},
  year={2004},
  publisher={Wiley Online Library}
}

@article {Goodman1961,
    AUTHOR = {Goodman, Leo A.},
     TITLE = {Snowball sampling},
   JOURNAL = {Ann. Math. Statist.},
  FJOURNAL = {Annals of Mathematical Statistics},
    VOLUME = {32},
      YEAR = {1961},
     PAGES = {148--170},
      ISSN = {0003-4851},
   MRCLASS = {62.90},
  MRNUMBER = {0124140},
MRREVIEWER = {G. Hayashi},
       DOI = {10.1214/aoms/1177705148},
       URL = {http://dx.doi.org/10.1214/aoms/1177705148},
}

@article{Han2005,
  title={Effect of sampling on topology predictions of protein-protein interaction networks},
  author={Han, Jing-Dong J and Dupuy, Denis and Bertin, Nicolas and Cusick, Michael E and Vidal, Marc},
  journal={Nature Biotechnology},
  volume={23},
  number={7},
  pages={839},
  year={2005},
  publisher={Nature Publishing Group}
}

@article{Peres2017,
  title={Estimating graph parameters via random walks with restarts},
  author={Ben-Hamou, Anna and Oliveira, Roberto I and Peres, Yuval},
  journal={arXiv preprint arXiv:1709.00869},
  year={2017}
}

@article{Schwarz1999,
  title={Estimating animal abundance: review III},
  author={Schwarz, Carl J and Seber, George AF},
  journal={Statistical Science},
  pages={427--456},
  year={1999},
  publisher={JSTOR}
}

@article {McNeil1973,
    AUTHOR = {McNeil, Donald R.},
     TITLE = {Estimating an author's vocabulary},
   JOURNAL = {J. Amer. Statist. Assoc.},
  FJOURNAL = {Journal of the American Statistical Association},
    VOLUME = {68},
      YEAR = {1973},
     PAGES = {92--96},
      ISSN = {0162-1459},
   MRCLASS = {62F10},
  MRNUMBER = {0373124},
MRREVIEWER = {Mir Ali},
       URL =
              {http://links.jstor.org/sici?sici=0162-1459(197303)68:341<92:EAAV>2.0.CO;2-X&origin=MSN},
}


@techreport{Feigenberg2010,
  title={Building social capital through microfinance},
  author={Feigenberg, Benjamin and Field, Erica M and Pande, Rohini},
  year={2010},
  institution={National Bureau of Economic Research}
}

@article{Bandiera2006,
  title={Social networks and technology adoption in northern Mozambique},
  author={Bandiera, Oriana and Rasul, Imran},
  journal={The Economic Journal},
  volume={116},
  number={514},
  pages={869--902},
  year={2006},
  publisher={Wiley Online Library}
}

@article{Fafchamps2003,
  title={Risk-sharing networks in rural Philippines},
  author={Fafchamps, Marcel and Lund, Susan},
  journal={Journal of development Economics},
  volume={71},
  number={2},
  pages={261--287},
  year={2003},
  publisher={Elsevier}
}

@book {Tsybakov2009,
    AUTHOR = {Tsybakov, Alexandre B.},
     TITLE = {Introduction to nonparametric estimation},
    SERIES = {Springer Series in Statistics},
      NOTE = {Revised and extended from the 2004 French original,
              Translated by Vladimir Zaiats},
 PUBLISHER = {Springer, New York},
      YEAR = {2009},
     PAGES = {xii+214},
      ISBN = {978-0-387-79051-0},
   MRCLASS = {62-01 (62G05 62G07 62G08 62G20)},
  MRNUMBER = {2724359},
       DOI = {10.1007/b13794},
       URL = {http://dx.doi.org/10.1007/b13794},
}

@inproceedings{Dasgupta2014,
  title={On estimating the average degree},
  author={Dasgupta, Anirban and Kumar, Ravi and Sarlos, Tamas},
  booktitle={Proceedings of the 23rd International Conference on World Wide Web},
  pages={795--806},
  year={2014},
  organization={ACM}
}

@inproceedings{Leskovec2006,
  title={Sampling from large graphs},
  author={Leskovec, Jure and Faloutsos, Christos},
  booktitle={Proceedings of the 12th ACM SIGKDD International Conference on Knowledge Discovery and Data Mining},
  pages={631--636},
  year={2006},
  organization={ACM}
}

@misc{snapnets,
  author       = {Jure Leskovec and Andrej Krevl},
  title        = {{SNAP Datasets}: {Stanford} Large Network Dataset Collection},
  howpublished = {\url{http://snap.stanford.edu/data/egonets-Facebook.html}},
  month        = jun,
  year         = 2014
}

@article{KlusowskiWu2017-motif,
	Author = {Klusowski, Jason M. and Wu, Yihong},
	Date-Added = {2017-08-12 16:16:32 +0000},
	Date-Modified = {2017-08-12 16:22:34 +0000},
	Journal = {Working paper},
	Title = {Counting Motifs in a Graph via Graph Sampling},
	Year = {2017}}
	
@article{KlusowskiWu2017-cc,
	Author = {Klusowski, Jason M. and Wu, Yihong},
	Journal = {arXiv preprint arXiv:1801.04339},
	Title = {Estimating the Number of Connected Components in a Graph via Subgraph Sampling},
	Year = {2018}}
	
@article {Natanzon2000,
    AUTHOR = {Natanzon, Assaf and Shamir, Ron and Sharan, Roded},
     TITLE = {A polynomial approximation algorithm for the minimum fill-in
              problem},
   JOURNAL = {SIAM J. Comput.},
  FJOURNAL = {SIAM Journal on Computing},
    VOLUME = {30},
      YEAR = {2000},
    NUMBER = {4},
     PAGES = {1067--1079},
      ISSN = {0097-5397},
   MRCLASS = {68W25 (05C85 68R10)},
  MRNUMBER = {1786752},
MRREVIEWER = {Fabrizio Luccio},
       DOI = {10.1137/S0097539798336073},
       URL = {http://dx.doi.org/10.1137/S0097539798336073},
}

@article{Goldreich2002,
	Author = {Goldreich, O. and Ron, D.},
	Doi = {10.1007/s00453-001-0078-7},
	Fjournal = {Algorithmica. An International Journal in Computer Science},
	Issn = {0178-4617},
	Journal = {Algorithmica},
	Mrclass = {68W25 (05C85 68Q25 68R10 68W20)},
	Mrnumber = {1869514},
	Mrreviewer = {Seok-Hee Hong},
	Number = {2},
	Pages = {302--343},
	Title = {Property testing in bounded degree graphs},
	Url = {http://dx.doi.org/10.1007/s00453-001-0078-7},
	Volume = {32},
	Year = {2002},
	Bdsk-Url-1 = {http://dx.doi.org/10.1007/s00453-001-0078-7}}

@article{Conley2010,
	Author = {Conley, Timothy G. and Udry, Christopher R.},
	Doi = {10.1257/aer.100.1.35},
	Journal = {American Economic Review},
	Month = {March},
	Number = {1},
	Pages = {35-69},
	Title = {Learning about a New Technology: Pineapple in Ghana},
	Url = {http://www.aeaweb.org/articles?id=10.1257/aer.100.1.35},
	Volume = {100},
	Year = {2010},
	Bdsk-Url-1 = {http://www.aeaweb.org/articles?id=10.1257/aer.100.1.35},
	Bdsk-Url-2 = {http://dx.doi.org/10.1257/aer.100.1.35}}

@article{Chandrasekhar2011,
	Author = {Chandrasekhar, Arun and Lewis, Randall},
	Title = {Econometrics of sampled networks},
	Year = {2011}}

@article{Apicella2012,
	Annote = {10.1038/nature10736},
	Author = {Apicella, Coren L. and Marlowe, Frank W. and Fowler, James H. and Christakis, Nicholas A.},
	Date = {2012/01/26/print},
	Date-Added = {2017-07-21 22:28:47 +0000},
	Date-Modified = {2017-07-21 22:28:47 +0000},
	Day = {26},
	Isbn = {0028-0836},
	Journal = {Nature},
	L3 = {http://www.nature.com/nature/journal/v481/n7382/abs/nature10736.html#supplementary-information},
	M3 = {10.1038/nature10736},
	Month = {01},
	Number = {7382},
	Pages = {497--501},
	Publisher = {Nature Publishing Group, a division of Macmillan Publishers Limited. All Rights Reserved.},
	Title = {Social networks and cooperation in hunter-gatherers},
	Ty = {JOUR},
	Url = {http://dx.doi.org/10.1038/nature10736},
	Volume = {481},
	Year = {2012},
	Bdsk-Url-1 = {http://dx.doi.org/10.1038/nature10736}}

@article{Whitney1932,
	Author = {Whitney, Hassler},
	Doi = {10.2307/1968214},
	Fjournal = {Annals of Mathematics. Second Series},
	Issn = {0003-486X},
	Journal = {Ann. of Math. (2)},
	Mrclass = {DML},
	Mrnumber = {1503085},
	Number = {4},
	Pages = {688--718},
	Title = {The coloring of graphs},
	Url = {http://dx.doi.org/10.2307/1968214},
	Volume = {33},
	Year = {1932},
	Bdsk-Url-1 = {http://dx.doi.org/10.2307/1968214}}

@incollection{Erdos1979,
	Author = {Erd\"os, Paul and Lov\'asz, L\'aszl\'o and Spencer, Joel},
	Booktitle = {Graph theory and related topics ({P}roc. {C}onf., {U}niv. {W}aterloo, {W}aterloo, {O}nt., 1977)},
	Date-Modified = {2017-08-27 01:16:34 +0000},
	Mrclass = {05C30},
	Mrnumber = {538044},
	Mrreviewer = {E. Keith Lloyd},
	Pages = {165--172},
	Publisher = {Academic Press, New York-London},
	Title = {Strong independence of graphcopy functions},
	Year = {1979}}

@article{Biggs1978,
	Author = {Biggs, Norman},
	Doi = {10.1093/qmath/29.2.159},
	Fjournal = {The Quarterly Journal of Mathematics. Oxford. Second Series},
	Issn = {0033-5606},
	Journal = {Quart. J. Math. Oxford Ser. (2)},
	Mrclass = {05C30},
	Mrnumber = {494659},
	Mrreviewer = {W. T. Tutte},
	Number = {114},
	Pages = {159--173},
	Title = {On cluster expansions in graph theory and physics},
	Url = {http://dx.doi.org/10.1093/qmath/29.2.159},
	Volume = {29},
	Year = {1978},
	Bdsk-Url-1 = {http://dx.doi.org/10.1093/qmath/29.2.159}}

@article{McKay1997,
	Author = {McKay, Brendan D. and Radziszowski, Stanis\l aw P.},
	Doi = {10.1006/jctb.1996.1741},
	Fjournal = {Journal of Combinatorial Theory. Series B},
	Issn = {0095-8956},
	Journal = {J. Combin. Theory Ser. B},
	Mrclass = {05C55 (05A19 05C30 05D10)},
	Mrnumber = {1438619},
	Mrreviewer = {R. J. Bumcrot},
	Number = {2},
	Pages = {193--209},
	Title = {Subgraph counting identities and {R}amsey numbers},
	Url = {http://dx.doi.org/10.1006/jctb.1996.1741},
	Volume = {69},
	Year = {1997},
	Bdsk-Url-1 = {http://dx.doi.org/10.1006/jctb.1996.1741}}

@article{Anandkumar2014,
	Author = {Anandkumar, Animashree and Ge, Rong and Hsu, Daniel and Kakade, Sham M.},
	Fjournal = {Journal of Machine Learning Research (JMLR)},
	Issn = {1532-4435},
	Journal = {J. Mach. Learn. Res.},
	Mrclass = {62F15 (62G20 62H12 91D30)},
	Mrnumber = {3231594},
	Pages = {2239--2312},
	Title = {A tensor approach to learning mixed membership community models},
	Volume = {15},
	Year = {2014}}

@article{Bickel2011,
	Author = {Bickel, Peter J. and Chen, Aiyou and Levina, Elizaveta},
	Doi = {10.1214/11-AOS904},
	Fjournal = {The Annals of Statistics},
	Issn = {0090-5364},
	Journal = {Ann. Statist.},
	Mrclass = {62H99 (62E10 62E20 62G05)},
	Mrnumber = {2906868},
	Mrreviewer = {Emanuel H. Ben-David},
	Number = {5},
	Pages = {2280--2301},
	Title = {The method of moments and degree distributions for network models},
	Url = {http://dx.doi.org/10.1214/11-AOS904},
	Volume = {39},
	Year = {2011},
	Bdsk-Url-1 = {http://dx.doi.org/10.1214/11-AOS904}}

@article{Chazelle2005,
	Author = {Chazelle, Bernard and Rubinfeld, Ronitt and Trevisan, Luca},
	Doi = {10.1137/S0097539702403244},
	Fjournal = {SIAM Journal on Computing},
	Issn = {0097-5397},
	Journal = {SIAM J. Comput.},
	Mrclass = {68W20 (68R10 68W25)},
	Mrnumber = {2165745},
	Mrreviewer = {Sotiris E. Nikoletseas},
	Number = {6},
	Pages = {1370--1379},
	Title = {Approximating the minimum spanning tree weight in sublinear time},
	Url = {http://dx.doi.org/10.1137/S0097539702403244},
	Volume = {34},
	Year = {2005},
	Bdsk-Url-1 = {http://dx.doi.org/10.1137/S0097539702403244}}

@article{Nair1982,
	Author = {Nair, M.},
	Doi = {10.2307/2320934},
	Fjournal = {The American Mathematical Monthly},
	Issn = {0002-9890},
	Journal = {Amer. Math. Monthly},
	Mrclass = {10H15},
	Mrnumber = {643279},
	Mrreviewer = {S. Ikehara},
	Number = {2},
	Pages = {126--129},
	Title = {On {C}hebyshev-type inequalities for primes},
	Url = {http://dx.doi.org/10.2307/2320934},
	Volume = {89},
	Year = {1982},
	Bdsk-Url-1 = {http://dx.doi.org/10.2307/2320934}}

@article{Hanson1972,
	Author = {Hanson, Denis},
	Doi = {10.4153/CMB-1972-007-7},
	Fjournal = {Canadian Mathematical Bulletin. Bulletin Canadien de Math\'ematiques},
	Issn = {0008-4395},
	Journal = {Canad. Math. Bull.},
	Mrclass = {10B05},
	Mrnumber = {0313179},
	Mrreviewer = {E. M. Horadam},
	Pages = {33--37},
	Title = {On the product of the primes},
	Url = {http://dx.doi.org/10.4153/CMB-1972-007-7},
	Volume = {15},
	Year = {1972},
	Bdsk-Url-1 = {http://dx.doi.org/10.4153/CMB-1972-007-7}}

@article{Feige2006,
	Author = {Feige, Uriel},
	Doi = {10.1137/S0097539704447304},
	Fjournal = {SIAM Journal on Computing},
	Issn = {0097-5397},
	Journal = {SIAM J. Comput.},
	Mrclass = {68W25 (05C07 60E15 68W20)},
	Mrnumber = {2203734},
	Number = {4},
	Pages = {964--984},
	Title = {On sums of independent random variables with unbounded variance and estimating the average degree in a graph},
	Url = {http://dx.doi.org/10.1137/S0097539704447304},
	Volume = {35},
	Year = {2006},
	Bdsk-Url-1 = {http://dx.doi.org/10.1137/S0097539704447304}}

@article{Gonen2011,
	Author = {Gonen, Mira and Ron, Dana and Shavitt, Yuval},
	Doi = {10.1137/100783066},
	Fjournal = {SIAM Journal on Discrete Mathematics},
	Issn = {0895-4801},
	Journal = {SIAM J. Discrete Math.},
	Mrclass = {68Q25 (05C30 05C85 68Q17 68R10)},
	Mrnumber = {2837605},
	Mrreviewer = {Jan van den Heuvel},
	Number = {3},
	Pages = {1365--1411},
	Title = {Counting stars and other small subgraphs in sublinear-time},
	Url = {http://dx.doi.org/10.1137/100783066},
	Volume = {25},
	Year = {2011},
	Bdsk-Url-1 = {http://dx.doi.org/10.1137/100783066}}

@article{Goldreich2008,
	Author = {Goldreich, Oded and Ron, Dana},
	Doi = {10.1002/rsa.20203},
	Fjournal = {Random Structures \& Algorithms},
	Issn = {1042-9832},
	Journal = {Random Structures Algorithms},
	Mrclass = {68W20 (05C85)},
	Mrnumber = {2422391},
	Mrreviewer = {Wenan Zang},
	Number = {4},
	Pages = {473--493},
	Title = {Approximating average parameters of graphs},
	Url = {http://dx.doi.org/10.1002/rsa.20203},
	Volume = {32},
	Year = {2008},
	Bdsk-Url-1 = {http://dx.doi.org/10.1002/rsa.20203}}

@incollection{Eden2015,
	Author = {Eden, Talya and Levi, Amit and Ron, Dana and Seshadhri, C.},
	Booktitle = {2015 {IEEE} 56th {A}nnual {S}ymposium on {F}oundations of {C}omputer {S}cience---{FOCS} 2015},
	Mrclass = {68R10 (68Q17 68W25)},
	Mrnumber = {3473331},
	Mrreviewer = {Mohammad Reza Hooshmandasl},
	Pages = {614--633},
	Publisher = {IEEE Computer Soc., Los Alamitos, CA},
	Title = {Approximately counting triangles in sublinear time},
	Year = {2015}}

@article{WY16-distinct,
	Author = {Yihong Wu and Pengkun Yang},
	Journal = {arxiv preprint arxiv:1612.03375},
	Month = {Apr},
	Title = {Sample complexity of the distinct element problem},
	Year = {2016}}

@book{odonnell,
	Author = {O'Donnell, Ryan},
	Doi = {10.1017/CBO9781139814782},
	Isbn = {978-1-107-03832-5},
	Mrclass = {42-02 (06E30 42A16 68-02 68Q15 68Q30 91B14 94D05)},
	Mrnumber = {3443800},
	Mrreviewer = {Martin C. Cooper},
	Pages = {xx+423},
	Publisher = {Cambridge University Press, New York},
	Title = {Analysis of {B}oolean functions},
	Url = {http://dx.doi.org/10.1017/CBO9781139814782},
	Year = {2014},
	Bdsk-Url-1 = {http://dx.doi.org/10.1017/CBO9781139814782}}

@book{west-book,
	Author = {West, Douglas B.},
	Isbn = {0-13-227828-6},
	Mrclass = {05-01},
	Mrnumber = {1367739},
	Pages = {xvi+512},
	Publisher = {Prentice Hall, Inc., Upper Saddle River, NJ},
	Title = {Introduction to graph theory},
	Year = {1996}}

@article{McMahon2003,
	Author = {McMahon, Elizabeth W. and Shimkus, Beth A. and Wolfson, Jessica A.},
	Doi = {10.1016/S0012-365X(02)00500-9},
	Fjournal = {Discrete Mathematics},
	Issn = {0012-365X},
	Journal = {Discrete Math.},
	Mrclass = {05C15},
	Mrnumber = {1951389},
	Mrreviewer = {Gary Gordon},
	Number = {1-3},
	Pages = {211--219},
	Title = {Chordal graphs and the characteristic polynomial},
	Url = {http://dx.doi.org/10.1016/S0012-365X(02)00500-9},
	Volume = {262},
	Year = {2003},
	Bdsk-Url-1 = {http://dx.doi.org/10.1016/S0012-365X(02)00500-9}}

@article{Goodman1949,
	Author = {Goodman, Leo A.},
	Fjournal = {Annals of Mathematical Statistics},
	Issn = {0003-4851},
	Journal = {Ann. Math. Statistics},
	Mrclass = {62.0X},
	Mrnumber = {0032165},
	Mrreviewer = {G. Elfving},
	Pages = {572--579},
	Title = {On the estimation of the number of classes in a population},
	Volume = {20},
	Year = {1949}}

@article{Wu2016-2,
	Author = {Orlitsky, Alon and Suresh, Ananda Theertha and Wu, Yihong},
	Doi = {10.1073/pnas.1607774113},
	Fjournal = {Proceedings of the National Academy of Sciences of the United States of America},
	Issn = {1091-6490},
	Journal = {Proc. Natl. Acad. Sci. USA},
	Mrclass = {62G05 (92D15)},
	Mrnumber = {3582444},
	Number = {47},
	Pages = {13283--13288},
	Title = {Optimal prediction of the number of unseen species},
	Url = {http://dx.doi.org/10.1073/pnas.1607774113},
	Volume = {113},
	Year = {2016},
	Bdsk-Url-1 = {http://dx.doi.org/10.1073/pnas.1607774113}}

@article{Wu2016,
	Author = {Orlitsky, Alon and Theertha Suresh, Ananda and Yihong Wu},
	Date-Added = {2016-10-13 19:45:23 +0000},
	Date-Modified = {2016-10-13 19:50:25 +0000},
	Journal = {Preprint},
	Title = {Estimating the number of unseen species: A bird in the hand is worth $\log n $ in the bush},
	Year = {2016}}

@article{Janson2004,
	Author = {Janson, Svante},
	Doi = {10.1002/rsa.20008},
	Fjournal = {Random Structures \& Algorithms},
	Issn = {1042-9832},
	Journal = {Random Structures Algorithms},
	Mrclass = {60F10 (05C80)},
	Mrnumber = {2068873},
	Mrreviewer = {Boualem Djehiche},
	Number = {3},
	Pages = {234--248},
	Title = {Large deviations for sums of partly dependent random variables},
	Url = {http://dx.doi.org/10.1002/rsa.20008},
	Volume = {24},
	Year = {2004},
	Bdsk-Url-1 = {http://dx.doi.org/10.1002/rsa.20008}}

@book{Stegun1964,
	Editor = {Abramowitz, Milton and Stegun, Irene A.},
	Isbn = {0-486-61272-4},
	Mrclass = {00A20 (00A22 33-00)},
	Mrnumber = {1225604},
	Note = {Reprint of the 1972 edition},
	Pages = {xiv+1046},
	Publisher = {Dover Publications, Inc., New York},
	Title = {Handbook of mathematical functions with formulas, graphs, and mathematical tables},
	Year = {1992}}

@incollection{Kocay1982,
	Author = {Kocay, W. L.},
	Booktitle = {Combinatorial mathematics, {IX} ({B}risbane, 1981)},
	Mrclass = {05C60},
	Mrnumber = {674132},
	Mrreviewer = {R. L. Hemminger},
	Pages = {89--114},
	Publisher = {Springer, Berlin-New York},
	Series = {Lecture Notes in Math.},
	Title = {Some new methods in reconstruction theory},
	Volume = {952},
	Year = {1982}}

@article{Berenbrink2014,
	Author = {Berenbrink, Petra and Krayenhoff, Bruce and Mallmann-Trenn, Frederik},
	Doi = {10.1016/j.ipl.2014.05.008},
	Fjournal = {Information Processing Letters},
	Issn = {0020-0190},
	Journal = {Inform. Process. Lett.},
	Mrclass = {05C85 (05C40 68Q25 68W25)},
	Mrnumber = {3230913},
	Number = {11},
	Pages = {639--642},
	Title = {Estimating the number of connected components in sublinear time},
	Url = {http://dx.doi.org/10.1016/j.ipl.2014.05.008},
	Volume = {114},
	Year = {2014},
	Bdsk-Url-1 = {http://dx.doi.org/10.1016/j.ipl.2014.05.008}}

@article{Frank1977-3,
	Author = {Frank, Ove},
	Fjournal = {Journal of Statistical Planning and Inference},
	Issn = {0378-3758},
	Journal = {J. Stat. Plann. Inference},
	Mrclass = {62D05},
	Mrnumber = {0494613},
	Mrreviewer = {K. Vijayan},
	Number = {3},
	Pages = {235--264},
	Title = {Survey sampling in graphs},
	Volume = {1},
	Year = {1977}}

@article{Frank1980,
	Author = {Frank, Ove},
	Doi = {10.2307/1402403},
	Fjournal = {International Statistical Review. Revue International de Statistique},
	Issn = {0306-7734},
	Journal = {Internat. Statist. Rev.},
	Mrclass = {62D05 (05C99)},
	Mrnumber = {576773},
	Mrreviewer = {Kenneth R. W. Brewer},
	Number = {1},
	Pages = {33--41},
	Title = {Sampling and inference in a population graph},
	Url = {http://dx.doi.org/10.2307/1402403},
	Volume = {48},
	Year = {1980},
	Bdsk-Url-1 = {http://dx.doi.org/10.2307/1402403}}

@article{Frank1977-2,
	Author = {Frank, Ove},
	Fjournal = {Scandinavian Journal of Statistics. Theory and Applications},
	Issn = {0303-6898},
	Journal = {Scand. J. Statist.},
	Mrclass = {62D05},
	Mrnumber = {0458660},
	Mrreviewer = {K. Vijayan},
	Number = {4},
	Pages = {178--180},
	Title = {A note on {B}ernoulli sampling in graphs and {H}orvitz-{T}hompson estimation},
	Volume = {4},
	Year = {1977}}

@article{Frank1977,
	Author = {Frank, Ove},
	Fjournal = {Scandinavian Journal of Statistics. Theory and Applications},
	Issn = {0303-6898},
	Journal = {Scand. J. Statist.},
	Mrclass = {62D05 (05C99)},
	Mrnumber = {0458659},
	Mrreviewer = {Bhagwandas},
	Number = {2},
	Pages = {81--89},
	Title = {Estimation of graph totals},
	Volume = {4},
	Year = {1977}}

@article{Frank1978,
	Author = {Frank, Ove},
	Fjournal = {Scandinavian Journal of Statistics. Theory and Applications},
	Issn = {0303-6898},
	Journal = {Scand. J. Statist.},
	Mrclass = {05C99 (62D05)},
	Mrnumber = {515656},
	Mrreviewer = {F. Harary},
	Number = {4},
	Pages = {177--188},
	Title = {Estimation of the number of connected components in a graph by using a sampled subgraph},
	Volume = {5},
	Year = {1978}}


@InProceedings{Capobianco72,
author="Capobianco, Michael",
editor="Alavi, Y.
and Lick, D. R.
and White, A. T.",
title="Estimating the connectivity of a graph",
booktitle="Graph Theory and Applications",
year="1972",
publisher="Springer Berlin Heidelberg",
address="Berlin, Heidelberg",
pages="65--74",
}

@inproceedings{SW17,
title={Star sampling with and without replacement},
author={Jonathan Stokes and Steven Weber},
booktitle={Proceedings of the 13th International Workshop on Mining and Learning with Graphs (MLG)},
year={2017}
}

@article{LS10,
  title={The graph theoretic moment problem},
  author={Lov{\'a}sz, L{\'a}szl{\'o} and Szegedy, Bal{\'a}zs},
  journal={arXiv preprint arXiv:1010.5159},
  year={2010}
}

@Article{LNS99,
  Title                    = {On estimation of the {$L_r$} norm of a regression function},
  Author                   = {Lepski, Oleg and Nemirovski, Arkady and Spokoiny, Vladimir},
  Journal                  = PTRF,
  Year                     = {1999},
  Number                   = {2},
  Pages                    = {221--253},
  Volume                   = {113}
}

@Article{CL11,
  Title                    = {Testing composite hypotheses, {Hermite} polynomials and optimal estimation of a nonsmooth functional},
  Author                   = {Cai, T.T. and Low, M. G.},
  Journal                  = A_S,
  Year                     = {2011},
  Number                   = {2},
  Pages                    = {1012--1041},
  Volume                   = {39}
}

@Article{WY14,
  Title                    = {Minimax rates of entropy estimation on large alphabets via best polynomial approximation},
  Author                   = {Yihong Wu and Pengkun Yang},
  Journal                  = {IEEE Transactions on Information Theory},
  Year                     = {2016},
  Number                   = {6},
  Pages                    = {3702-3720},
  Volume                   = {62}
}

@Article{JVHW15,
  Title                    = {Minimax estimation of functionals of discrete distributions},
  Author                   = {Jiao, Jiantao and Venkat, Kartik and Han, Yanjun and Weissman, Tsachy},
  Journal                  = {IEEE Transactions on Information Theory},
  Year                     = {2015},
  Number                   = {5},
  Pages                    = {2835--2885},
  Volume                   = {61},

  Publisher                = {IEEE}
}


@book{wasserman1994social,
  title={Social network analysis: Methods and applications},
  author={Wasserman, Stanley and Faust, Katherine},
  volume={8},
  year={1994},
  publisher={Cambridge university press}
}
@article{uetz2000comprehensive,
  title={A comprehensive analysis of protein--protein interactions in Saccharomyces cerevisiae},
  author={Uetz, Peter and Giot, Loic and Cagney, Gerard and Mansfield, Traci A and Judson, Richard S and Knight, James R and Lockshon, Daniel and Narayan, Vaibhav and Srinivasan, Maithreyan and Pochart, Pascale and others},
  journal={Nature},
  volume={403},
  number={6770},
  pages={623},
  year={2000},
  publisher={Nature Publishing Group}
}