@article{cliffe2011multilevel,
  title={Multilevel {M}onte {C}arlo methods and applications to elliptic {PDE}s with random coefficients},
  author={Cliffe, K Andrew and Giles, Mike B and Scheichl, Robert and Teckentrup, Aretha L},
  journal={Computing and Visualization in Science},
  volume={14},
  number={1},
  pages={3},
  year={2011},
  publisher={Springer}
}

@article{conrad2018parallel,
  title={Parallel local approximation {MCMC} for expensive models},
  author={Conrad, Patrick R and Davis, Andrew D and Marzouk, Youssef M and Pillai, Natesh S and Smith, Aaron},
  journal={SIAM/ASA Journal on Uncertainty Quantification},
  volume={6},
  number={1},
  pages={339--373},
  year={2018},
  publisher={SIAM}
}

@inproceedings{hazan2016graduated,
  title={On graduated optimization for stochastic non-convex problems},
  author={Hazan, Elad and Levy, Kfir Yehuda and Shalev-Shwartz, Shai},
  booktitle={International Conference on Machine Learning},
  pages={1833--1841},
  year={2016}
}

@article{nemirovskii1983problem,
  title={Problem complexity and method efficiency in optimization},
  author={Nemirovskii, Arkadii and Yudin, David Borisovich and Dawson, Edgar Ronald},
  year={1983},
  publisher={Wiley}
}

@article{grotschel1988geometric,
  title={Geometric algorithms and combinatorial optimization},
  author={Gr{\"o}tschel, Martin and Lov{\'a}sz, L{\'a}szl{\'o} and Schrijver, Alexander},
  year={1988},
  publisher={Springer}
}

@inproceedings{risteski2016algorithms,
  title={Algorithms and matching lower bounds for approximately-convex optimization},
  author={Risteski, Andrej and Li, Yuanzhi},
  booktitle={Advances in Neural Information Processing Systems},
  pages={4745--4753},
  year={2016}
}

@inproceedings{singer2015information,
  title={Information-theoretic lower bounds for convex optimization with erroneous oracles},
  author={Singer, Yaron and Vondr{\'a}k, Jan},
  booktitle={Advances in Neural Information Processing Systems},
  pages={3204--3212},
  year={2015}
}

@inproceedings{feldman2017statistical,
  title={Statistical query algorithms for mean vector estimation and stochastic convex optimization},
  author={Feldman, Vitaly and Guzm{\'a}n, Crist{\'o}bal and Vempala, Santosh},
  booktitle={Proceedings of the Twenty-Eighth Annual ACM-SIAM Symposium on Discrete Algorithms},
  pages={1265--1277},
  year={2017},
  organization={Society for Industrial and Applied Mathematics}
}











@article{chen2015stochastic,
  title={Stochastic optimization using a trust-region method and random models},
  author={Chen, Ruobing and Menickelly, Matt and Scheinberg, Katya},
  journal={Mathematical Programming},
  pages={1--41},
  year={2015},
  publisher={Springer}
}

@inproceedings{blum1989training,
  title={Training a 3-node neural network is {NP}-complete},
  author={Blum, Avrim and Rivest, Ronald L},
  booktitle={Advances in neural information processing systems},
  pages={494--501},
  year={1989}
}

@article{doi:10.1287/moor.1060.0194,
author = {Adam Tauman Kalai and Santosh Vempala},
title = {Simulated Annealing for Convex Optimization},
journal = {Mathematics of Operations Research},
volume = {31},
number = {2},
pages = {253-266},
year = {2006},
doi = {10.1287/moor.1060.0194}
}

@inproceedings{BubeckEL15,
  title={Finite-time analysis of projected {L}angevin {M}onte {C}arlo},
  author={Bubeck, Sebastien and Eldan, Ronen and Lehec, Joseph},
  booktitle={Advances in Neural Information Processing Systems},
  pages={1243--1251},
  year={2015}
}

@article{lee2017convergence,
  title={Convergence Rate of {R}iemannian {H}amiltonian {M}onte {C}arlo and Faster Polytope Volume Computation},
  author={Lee, Yin Tat and Vempala, Santosh S},
  journal={To appear in Proceedings of STOC 2018, arXiv preprint arXiv:1710.06261},
  year={2017},
}

@article{rudelson2013hanson,
  title={Hanson-{W}right inequality and sub-{G}aussian concentration},
  author={Rudelson, Mark and Vershynin, Roman},
  journal={Electron. Commun. Probab},
  volume={18},
  number={82},
  pages={1--9},
  year={2013}
}

@article{hanson1971bound,
  title={A bound on tail probabilities for quadratic forms in independent random variables},
  author={Hanson, David Lee and Wright, Farroll Tim},
  journal={The Annals of Mathematical Statistics},
  volume={42},
  number={3},
  pages={1079--1083},
  year={1971},
  publisher={JSTOR}
}


@article{lovasz1993random,
  title={Random walks in a convex body and an improved volume algorithm},
  author={Lov{\'a}sz, L{\'a}szl{\'o} and Simonovits, Mikl{\'o}s},
  journal={Random structures \& algorithms},
  volume={4},
  number={4},
  pages={359--412},
  year={1993},
  publisher={Wiley Online Library}
}

@article{duchi2015optimal,
  title={Optimal rates for zero-order convex optimization: The power of two function evaluations},
  author={Duchi, John C and Jordan, Michael I and Wainwright, Martin J and Wibisono, Andre},
  journal={IEEE Transactions on Information Theory},
  volume={61},
  number={5},
  pages={2788--2806},
  year={2015},
  publisher={IEEE}
}

@article{bovier2004metastability,
  title={Metastability in reversible diffusion processes I: Sharp asymptotics for capacities and exit times},
  author={Bovier, Anton and Eckhoff, Michael and Gayrard, V{\'e}ronique and Klein, Markus},
  journal={Journal of the European Mathematical Society},
  volume={6},
  number={4},
  pages={399--424},
  year={2004}
}


@article{andrieu2003introduction,
  title={An introduction to {MCMC} for machine learning},
  author={Andrieu, Christophe and De Freitas, Nando and Doucet, Arnaud and Jordan, Michael I},
  journal={Machine learning},
  volume={50},
  number={1-2},
  pages={5--43},
  year={2003},
  publisher={Springer}
}

@inproceedings{Simulated_Annealing_Nonassymptotic,
  title={Escaping the local minima via simulated annealing: Optimization of approximately convex functions},
  author={Belloni, Alexandre and Liang, Tengyuan and Narayanan, Hariharan and Rakhlin, Alexander},
  booktitle={Conference on Learning Theory},
  pages={240--265},
  year={2015}
}

@incollection{bottou2010large,
  title={Large-scale machine learning with stochastic gradient descent},
  author={Bottou, L{\'e}on},
  booktitle={Proceedings of COMPSTAT'2010},
  pages={177--186},
  year={2010},
  publisher={Springer}
}

@article{czyzzak1998pareto,
  title={Pareto simulated annealing: a metaheuristic technique for multiple-objective combinatorial optimization},
  author={Czyz{\.z}ak, Piotr and Jaszkiewicz, Adrezej},
  journal={Journal of Multi-Criteria Decision Analysis},
  volume={7},
  number={1},
  pages={34--47},
  year={1998},
  publisher={Wiley Online Library}
}

@article{durmus2016sampling2,
  title={Nonasymptotic convergence analysis for the unadjusted {L}angevin algorithm},
  author={Durmus, Alain and Moulines, Eric and others},
  journal={The Annals of Applied Probability},
  volume={27},
  number={3},
  pages={1551--1587},
  year={2017},
  publisher={Institute of Mathematical Statistics}
}

@article{goffe1994global,
  title={Global optimization of statistical functions with simulated annealing},
  author={Goffe, William L and Ferrier, Gary D and Rogers, John},
  journal={Journal of econometrics},
  volume={60},
  number={1-2},
  pages={65--99},
  year={1994},
  publisher={Elsevier}
}

@article{kirkpatrick1983optimization,
  title={Optimization by simulated annealing},
  author={Kirkpatrick, Scott and Gelatt, C Daniel and Vecchi, Mario P},
  journal={science},
  volume={220},
  number={4598},
  pages={671--680},
  year={1983},
  publisher={American Association for the Advancement of Science}
}

@article{mangoubi_smith,
  title={Rapid Mixing of {H}amiltonian {M}onte {C}arlo on Strongly Log-Concave Distributions},
  author={Mangoubi, Oren and Smith, Aaron},
  journal={arXiv preprint arXiv:1708.07114},
  year={2017}
}

@inproceedings{raginsky2017non,
  title={Non-convex learning via Stochastic Gradient {L}angevin Dynamics: a nonasymptotic analysis},
  author={Raginsky, Maxim and Rakhlin, Alexander and Telgarsky, Matus},
  booktitle={Conference on Learning Theory},
  pages={1674--1703},
  year={2017}
}

@inproceedings{welling2011bayesian,
  title={Bayesian learning via stochastic gradient {L}angevin dynamics},
  author={Welling, Max and Teh, Yee W},
  booktitle={Proceedings of the 28th International Conference on Machine Learning (ICML-11)},
  pages={681--688},
  year={2011}
}

@inproceedings{hitting_times,
  title={A Hitting Time Analysis of Stochastic Gradient {L}angevin Dynamics},
  author={Zhang, Yuchen and Liang, Percy and Charikar, Moses},
  booktitle={Conference on Learning Theory},
  pages={1980--2022},
  year={2017}
}

@book{chen_thesis,
  title={Stochastic derivative-free optimization of noisy functions},
  author={Chen, Ruobing},
  year={2015},
  publisher={Ph.D. Thesis, Lehigh University}
}

@inproceedings{jebalia2008multiplicative,
  title={On multiplicative noise models for stochastic search},
  author={Jebalia, Mohamed and Auger, Anne},
  booktitle={International Conference on Parallel Problem Solving from Nature},
  pages={52--61},
  year={2008},
  organization={Springer}
}

@article{jebalia2011log,
  title={Log-linear convergence and divergence of the scale-invariant ($1+ 1$)-{ES} in noisy environments},
  author={Jebalia, Mohamed and Auger, Anne and Hansen, Nikolaus},
  journal={Algorithmica},
  volume={59},
  number={3},
  pages={425--460},
  year={2011},
  publisher={Springer}
}

@inproceedings{applegate_kannan,
  title={Sampling and integration of near log-concave functions},
  author={Applegate, David and Kannan, Ravi},
  booktitle={Proceedings of the twenty-third annual ACM symposium on Theory of computing},
  pages={156--163},
  year={1991},
  organization={ACM}
}