@article{greenwade93,
    author  = "George D. Greenwade",
    title   = "The {C}omprehensive {T}ex {A}rchive {N}etwork ({CTAN})",
    year    = "1993",
    journal = "TUGBoat",
    volume  = "14",
    number  = "3",
    pages   = "342--351"
}

@article{KakadeKL09,
  author    = {Sham M. Kakade and
               Adam Tauman Kalai and
               Katrina Ligett},
  title     = {Playing Games with Approximation Algorithms},
  journal   = {{SIAM} J. Comput.},
  volume    = {39},
  number    = {3},
  pages     = {1088--1106},
  year      = {2009}
}

@InProceedings{Woodworth:2017,
  title = 	 {Learning Non-Discriminatory Predictors},
  author = 	 {Blake Woodworth and Suriya Gunasekar and Mesrob I. Ohannessian and Nathan Srebro},
  booktitle = 	 {Proceedings of the 2017 Conference on Learning Theory},
  pages = 	 {1920--1953},
  year = 	 {2017},
  volume = 	 {65},
  address = 	 {Amsterdam, Netherlands},
  month = 	 {07--10 Jul},
  pdf = 	 {http://proceedings.mlr.press/v65/woodworth17a/woodworth17a.pdf}
}

@inproceedings{Dwork:2012,
 author = {Dwork, Cynthia and Hardt, Moritz and Pitassi, Toniann and Reingold, Omer and Zemel, Richard},
 title = {Fairness Through Awareness},
 booktitle = {Proceedings of the 3rd Innovations in Theoretical Computer Science Conference},
 series = {ITCS '12},
 year = {2012},
 location = {Cambridge, Massachusetts},
 pages = {214--226},
 numpages = {13},
 publisher = {ACM},
 address = {New York, NY, USA},
} 

@book{Shalev-Shwartz14,
  title = {Understanding Machine Learning: From Theory to Algorithms},
  author = {Shai~Shalev-Shwartz, Shai~Ben-David},
  year = 2014,
  publisher = {Cambridge University Press},
}

@article{Hazan16,
  author    = {Elad Hazan},
  title     = {Introduction to Online Convex Optimization},
  journal   = {Foundations and Trends in Optimization},
  volume    = {2},
  number    = {3-4},
  pages     = {157--325},
  year      = {2016},
  url       = {https://doi.org/10.1561/2400000013},
  doi       = {10.1561/2400000013},
  timestamp = {Wed, 17 May 2017 14:25:55 +0200},
  biburl    = {http://dblp.org/rec/bib/journals/ftopt/Hazan16},
  bibsource = {dblp computer science bibliography, http://dblp.org}
}

@book{grotschel:2012,
  title={Geometric Algorithms and Combinatorial Optimization},
  author={Gr{\"o}tschel, M. and Lovasz, L. and Schrijver, A.},
  isbn={9783642978814},
  lccn={87036923},
  series={Algorithms and Combinatorics},
  url={https://books.google.com/books?id=hWvmCAAAQBAJ},
  year={2012},
  publisher={Springer Berlin Heidelberg}
}

@book{Boyd:2004,
 author = {Boyd, Stephen and Vandenberghe, Lieven},
 title = {Convex Optimization},
 year = {2004},
 isbn = {0521833787},
 publisher = {Cambridge University Press},
 address = {New York, NY, USA},
} 

@article{Nicolo:04,
  author    = {Nicol{\`{o}} Cesa{-}Bianchi and
               Alex Conconi and
               Claudio Gentile},
  title     = {On the Generalization Ability of On-Line Learning Algorithms},
  journal   = {{IEEE} Trans. Information Theory},
  volume    = {50},
  number    = {9},
  pages     = {2050--2057},
  year      = {2004}
}

@InProceedings{Zhang:17,
  title = 	 {Empirical Risk Minimization for Stochastic Convex Optimization: ${O}(1/n)$- and ${O}(1/n^2)$-type of Risk Bounds},
  author = 	 {Lijun Zhang and Tianbao Yang and Rong Jin},
  booktitle = 	 {Proceedings of the 2017 Conference on Learning Theory},
  pages = 	 {1954--1979},
  year = 	 {2017},
  volume = 	 {65},
  series = 	 {Proceedings of Machine Learning Research},
  address = 	 {Amsterdam, Netherlands},
  month = 	 {07--10 Jul},
  publisher = 	 {PMLR},
  url = 	 {http://proceedings.mlr.press/v65/zhang17a.html},
 }
 
 @inproceedings{Chen:2017,
  author    = {Robert S. Chen and
               Brendan Lucier and
               Yaron Singer and
               Vasilis Syrgkanis},
  title     = {Robust Optimization for Non-Convex Objectives},
  booktitle = {Advances in Neural Information Processing Systems 30: Annual Conference
               on Neural Information Processing Systems 2017, 4-9 December 2017,
               Long Beach, CA, {USA}},
  pages     = {4708--4717},
  year      = {2017}
}

@InProceedings{dwork18a,
  title = 	 {Decoupled Classifiers for Group-Fair and Efficient Machine Learning},
  author = 	 {Cynthia Dwork and Nicole Immorlica and Adam Tauman Kalai and Mark DM Leiserson},
  booktitle = 	 {Proceedings of the 1st Conference on Fairness, Accountability and Transparency},
  pages = 	 {119--133},
  year = 	 {2018},
  editor = 	 {Sorelle A. Friedler and Christo Wilson},
  volume = 	 {81},
  series = 	 {Proceedings of Machine Learning Research},
  address = 	 {New York, NY, USA},
  month = 	 {23--24 Feb},
  publisher = 	 {PMLR}
}

@inproceedings{JosephKMR16,
  author    = {Matthew Joseph and
               Michael J. Kearns and
               Jamie H. Morgenstern and
               Aaron Roth},
  title     = {Fairness in Learning: Classic and Contextual Bandits},
  booktitle = {Advances in Neural Information Processing Systems 29: Annual Conference
               on Neural Information Processing Systems 2016, December 5-10, 2016,
               Barcelona, Spain},
  pages     = {325--333},
  year      = {2016}
}

@inproceedings{KleinbergMR17,
  author    = {Jon M. Kleinberg and
               Sendhil Mullainathan and
               Manish Raghavan},
  title     = {Inherent Trade-Offs in the Fair Determination of Risk Scores},
  booktitle = {8th Innovations in Theoretical Computer Science Conference, {ITCS}
               2017, January 9-11, 2017, Berkeley, CA, {USA}},
  pages     = {43:1--43:23},
  year      = {2017}
}

@article{Chouldechova17,
  title={Fair prediction with disparate impact: A study of bias in recidivism prediction instruments},
  author={Chouldechova, Alexandra},
  journal={Big data},
  volume={5},
  number={2},
  pages={153--163},
  year={2017},
  publisher={Mary Ann Liebert, Inc. 140 Huguenot Street, 3rd Floor New Rochelle, NY 10801 USA}
}

@phdthesis{Diakonikolas:2011,
 author = {Diakonikolas, Ilias},
 advisor = {Yannakakis, Mihalis},
 title = {Approximation of Multiobjective Optimization Problems},
 year = {2011},
 isbn = {978-1-124-62810-3},
 note = {AAI3454077},
 publisher = {Columbia University},
 address = {New York, NY, USA},
}

@inproceedings{ZuluagaSKP13,
  author    = {Marcela Zuluaga and
               Guillaume Sergent and
               Andreas Krause and
               Markus P{\"{u}}schel},
  title     = {Active Learning for Multi-Objective Optimization},
  booktitle = {Proceedings of the 30th International Conference on Machine Learning,
               {ICML} 2013, Atlanta, GA, USA, 16-21 June 2013},
  pages     = {462--470},
  year      = {2013}
}

@article{MenonW17,
  author    = {Aditya Krishna Menon and
               Robert C. Williamson},
  title     = {The cost of fairness in classification},
  journal   = {CoRR},
  volume    = {abs/1705.09055},
  year      = {2017} 
}

@inproceedings{NarasimhanK015,
  author    = {Harikrishna Narasimhan and
               Purushottam Kar and
               Prateek Jain},
  title     = {Optimizing Non-decomposable Performance Measures: {A} Tale of Two
               Classes},
  booktitle = {Proceedings of the 32nd International Conference on Machine Learning,
               {ICML} 2015, Lille, France, 6-11 July 2015},
  pages     = {199--208},
  year      = {2015}
}

@inproceedings{ParambathUG14,
  author    = {Shameem Puthiya Parambath and
               Nicolas Usunier and
               Yves Grandvalet},
  title     = {Optimizing F-Measures by Cost-Sensitive Classification},
  booktitle = {Advances in Neural Information Processing Systems 27: Annual Conference
               on Neural Information Processing Systems 2014, December 8-13 2014,
               Montreal, Quebec, Canada},
  pages     = {2123--2131},
  year      = {2014}
}

@article{Kearns:17,
  author    = {Michael J. Kearns and
               Seth Neel and
               Aaron Roth and
               Zhiwei Steven Wu},
  title     = {Preventing Fairness Gerrymandering: Auditing and Learning for Subgroup
               Fairness},
  journal   = {CoRR},
  volume    = {abs/1711.05144},
  year      = {2017}
}

@article{GrandoniRSZ14,
  author    = {Fabrizio Grandoni and
               R. Ravi and
               Mohit Singh and
               Rico Zenklusen},
  title     = {New approaches to multi-objective optimization},
  journal   = {Math. Program.},
  volume    = {146},
  number    = {1-2},
  pages     = {525--554},
  year      = {2014}
}

@inproceedings{RaviMRRH93,
  author    = {R. Ravi and
               Madhav V. Marathe and
               S. S. Ravi and
               Daniel J. Rosenkrantz and
               Harry B. Hunt III},
  title     = {Many birds with one stone: multi-objective approximation algorithms},
  booktitle = {Proceedings of the Twenty-Fifth Annual {ACM} Symposium on Theory of
               Computing, May 16-18, 1993, San Diego, CA, {USA}},
  pages     = {438--447},
  year      = {1993}
}

@inproceedings{GrandoniRS09,
  author    = {Fabrizio Grandoni and
               R. Ravi and
               Mohit Singh},
  title     = {Iterative Rounding for Multi-Objective Optimization Problems},
  booktitle = {Algorithms - {ESA} 2009, 17th Annual European Symposium, Copenhagen,
               Denmark, September 7-9, 2009. Proceedings},
  pages     = {95--106},
  year      = {2009}
}

@article{KalaiV05,
  author    = {Adam Tauman Kalai and
               Santosh Vempala},
  title     = {Efficient algorithms for online decision problems},
  journal   = {J. Comput. Syst. Sci.},
  volume    = {71},
  number    = {3},
  pages     = {291--307},
  year      = {2005}
}

@inproceedings{DudikHLSSV17,
  author    = {Miroslav Dud{\'{\i}}k and
               Nika Haghtalab and
               Haipeng Luo and
               Robert E. Schapire and
               Vasilis Syrgkanis and
               Jennifer Wortman Vaughan},
  title     = {Oracle-Efficient Online Learning and Auction Design},
  booktitle = {58th {IEEE} Annual Symposium on Foundations of Computer Science, {FOCS}
               2017, Berkeley, CA, USA, October 15-17, 2017},
  pages     = {528--539},
  year      = {2017}
}

@inproceedings{Zinkevich:2003,
 author = {Zinkevich, Martin},
 title = {Online Convex Programming and Generalized Infinitesimal Gradient Ascent},
 booktitle = {Proceedings of the Twentieth International Conference on International Conference on Machine Learning},
 series = {ICML'03},
 year = {2003},
 location = {Washington, DC, USA},
 pages = {928--935},
 numpages = {8}
}

@inproceedings{SawadeLS10,
  author    = {Christoph Sawade and
               Niels Landwehr and
               Tobias Scheffer},
  title     = {Active Estimation of F-Measures},
  booktitle = {Advances in Neural Information Processing Systems 23: 24th Annual
               Conference on Neural Information Processing Systems 2010. Proceedings
               of a meeting held 6-9 December 2010, Vancouver, British Columbia,
               Canada.},
  pages     = {2083--2091},
  year      = {2010}
}

@inproceedings{Kearns:1992,
 author = {Kearns, Michael J. and Schapire, Robert E. and Sellie, Linda M.},
 title = {Toward Efficient Agnostic Learning},
 booktitle = {Proceedings of the Fifth Annual Workshop on Computational Learning Theory},
 series = {COLT '92},
 year = {1992},
 location = {Pittsburgh, Pennsylvania, USA},
 pages = {341--352},
 numpages = {12},
 publisher = {ACM},
 address = {New York, NY, USA},
}

@inproceedings{KalaiMV08,
  author    = {Adam Tauman Kalai and
               Yishay Mansour and
               Elad Verbin},
  title     = {On agnostic boosting and parity learning},
  booktitle = {Proceedings of the 40th Annual {ACM} Symposium on Theory of Computing,
               Victoria, British Columbia, Canada, May 17-20, 2008},
  pages     = {629--638},
  year      = {2008}
}

@inproceedings{HardtPNS16,
  author    = {Moritz Hardt and
               Eric Price and
               Nati Srebro},
  title     = {Equality of Opportunity in Supervised Learning},
  booktitle = {Advances in Neural Information Processing Systems 29: Annual Conference
               on Neural Information Processing Systems 2016, December 5-10, 2016,
               Barcelona, Spain},
  pages     = {3315--3323},
  year      = {2016}
}

@article{rawls1971theory,
  title={A Theory of Justice},
  author={Rawls, John},
  year={1971}
}

@article{barahona2005near,
  title={Near-optimal solutions to large-scale facility location problems},
  author={Barahona, Francisco and Chudak, Fabi{\'a}N A},
  journal={Discrete Optimization},
  volume={2},
  number={1},
  pages={35--50},
  year={2005},
  publisher={Elsevier}
}

@inproceedings{Agarwal17,
  title={A Reductions Approach to Fair Classification},
  author={Alekh Agarwal and Alina Beygelzimer and Miroslav Dudík and John Langford},
  booktitle = {FATML},
  year={2017}
}

@inproceedings{Agarwal18,
title={A Reductions Approach to Fair Classification},
author = {Alekh Agarwal and Alina Beygelzimer and Miroslav Dudík and John Langford and Hanna Wallach},
booktitle = {ICML},
year={2018}
}

@article{OgryczakLPNT14,
  author    = {Wlodzimierz Ogryczak and
               Hanan Luss and
               Michal Pi{\'{o}}ro and
               Dritan Nace and
               Artur Tomaszewski},
  title     = {Fair Optimization and Networks: {A} Survey},
  journal   = {J. Applied Mathematics},
  volume    = {2014},
  pages     = {612018:1--612018:25},
  year      = {2014},
  url       = {https://doi.org/10.1155/2014/612018}
}

@MISC{Ingold16,
   author =       {David Ingold and Spencer Soper},
   title =        {Amazon Doesn’t Consider the Race of Its Customers. Should It?},
   editor =       {Bloomberg},
   month =        {April},
   year =         {2016},
   url =          {https://www.bloomberg.com/graphics/2016-amazon-same-day/}
 }
 
 @inproceedings{papadimitriou2000approximability,
  title={On the approximability of trade-offs and optimal access of web sources},
  author={Papadimitriou, Christos H and Yannakakis, Mihalis},
  booktitle={Foundations of Computer Science, 2000. Proceedings. 41st Annual Symposium on},
  pages={86--92},
  year={2000},
  organization={IEEE}
}

@article{warburton1987approximation,
  title={Approximation of Pareto optima in multiple-objective, shortest-path problems},
  author={Warburton, Arthur},
  journal={Operations Research},
  volume={35},
  number={1},
  pages={70--79},
  year={1987},
  publisher={INFORMS}
}

@article{Barocas2016,
  title={Big data's disparate impact},
  author={Barocas, Solon and Selbst, Andrew D},
  journal={Cal. L. Rev.},
  volume={104},
  pages={671},
  year={2016},
  publisher={HeinOnline}
}

@inproceedings{revisitingFrankWolfe,
  title={Revisiting Frank-Wolfe: Projection-Free Sparse Convex Optimization.},
  author={Jaggi, Martin},
  booktitle={ICML (1)},
  pages={427--435},
  year={2013}
}

@article{weymark1981,
  title={Generalized Gini inequality indices},
  author={Weymark, John A},
  journal={Mathematical Social Sciences},
  volume={1},
  number={4},
  pages={409--430},
  year={1981},
  publisher={Elsevier}
}

@inproceedings{busa2017multi,
  title={Multi-objective Bandits: Optimizing the Generalized Gini Index},
  author={Busa-Fekete, R{\'o}bert and Sz{\"o}r{\'e}nyi, Bal{\'a}zs and Weng, Paul and Mannor, Shie},
  booktitle={International Conference on Machine Learning},
  pages={625--634},
  year={2017}
}

@article{drezner2009equitable,
  title={Equitable service by a facility: Minimizing the Gini coefficient},
  author={Drezner, Tammy and Drezner, Zvi and Guyse, Jeffery},
  journal={Computers \& Operations Research},
  volume={36},
  number={12},
  pages={3240--3246},
  year={2009},
  publisher={Elsevier}
}

@incollection{manning2013introduction,
  title={Introduction},
  author={Manning, Paul},
  booktitle={Drugs and Popular Culture},
  pages={10--13},
  year={2013},
  publisher={Willan}
}

@book{schutze2008introduction,
  title={Introduction to information retrieval},
  author={Sch{\"u}tze, Hinrich and Manning, Christopher D and Raghavan, Prabhakar},
  volume={39},
  year={2008},
  publisher={Cambridge University Press}
}

@article{valiant1984theory,
  title={A theory of the learnable},
  author={Valiant, Leslie G},
  journal={Communications of the ACM},
  volume={27},
  number={11},
  pages={1134--1142},
  year={1984},
  publisher={ACM}
}

@article{crenshaw1989demarginalizing,
  title={Demarginalizing the intersection of race and sex: A black feminist critique of antidiscrimination doctrine, feminist theory and antiracist politics},
  author={Crenshaw, Kimberle},
  journal={U. Chi. Legal F.},
  pages={139},
  year={1989},
  publisher={HeinOnline}
}

@article{gini1912variabilita,
  title={Variabilit{\`a} e mutabilit{\`a}},
  author={Gini, Corrado},
  journal={Reprinted in Memorie di metodologica statistica (Ed. Pizetti E, Salvemini, T). Rome: Libreria Eredi Virgilio Veschi},
  year={1912}
}

@article{mulzer2014computational,
  title={Computational aspects of the colorful Carath{\'e}odory theorem},
  author={Mulzer, Wolfgang and Stein, Yannik},
  journal={arXiv preprint arXiv:1412.3347},
  year={2014}
}

@inproceedings{NarasimhanRS015,
  author    = {Harikrishna Narasimhan and
               Harish G. Ramaswamy and
               Aadirupa Saha and
               Shivani Agarwal},
  title     = {Consistent Multiclass Algorithms for Complex Performance Measures},
  booktitle = {Proceedings of the 32nd International Conference on Machine Learning,
               {ICML} 2015, Lille, France, 6-11 July 2015},
  pages     = {2398--2407},
  year      = {2015}
}

@incollection{Goh16,
title = {Satisfying Real-world Goals with Dataset Constraints},
author = {Goh, Gabriel and Cotter, Andrew and Gupta, Maya and Friedlander, Michael P},
booktitle = {Advances in Neural Information Processing Systems 29},
pages = {2415--2423},
year = {2016}
}