@article {harris60,
	AUTHOR = {Harris, T. E.},
	TITLE = {A lower bound for the critical probability in a certain
	percolation process},
	JOURNAL = {Proc. Cambridge Philos. Soc.},
	VOLUME = {56},
	YEAR = {1960},
	PAGES = {13--20},
	MRCLASS = {60.00},
	MRNUMBER = {0115221},
	MRREVIEWER = {G. Newell},
}

@book {gg99,
	AUTHOR = {Grimmett, Geoffrey},
	TITLE = {Percolation},
	SERIES = {Grundlehren der Mathematischen Wissenschaften [Fundamental
	Principles of Mathematical Sciences]},
	VOLUME = {321},
	EDITION = {Second},
	PUBLISHER = {Springer-Verlag, Berlin},
	YEAR = {1999},
	PAGES = {xiv+444},
	ISBN = {3-540-64902-6},
	MRCLASS = {60K35 (60-02 82B43)},
	MRNUMBER = {1707339},
	MRREVIEWER = {Neal Madras},
	URL = {https://doi.org/10.1007/978-3-662-03981-6},
}




@book {LPW09,
    AUTHOR = {Levin, David A. and Peres, Yuval and Wilmer, Elizabeth L.},
     TITLE = {Markov chains and mixing times},
      NOTE = {With a chapter by James G. Propp and David B. Wilson},
 PUBLISHER = {American Mathematical Society, Providence, RI},
      YEAR = {2009},
     PAGES = {xviii+371},
      ISBN = {978-0-8218-4739-8},
   MRCLASS = {60J10 (60-01 60J05 60K35 60K37 68U20 68W20)},
  MRNUMBER = {2466937},
MRREVIEWER = {Olle H{\"a}ggstr{\"o}m},
}

@article {BEK99,
    AUTHOR = {Borwein, Peter and Erd{\'e}lyi, Tam{\'a}s and K{\'o}s,
              G{\'e}za},
     TITLE = {Littlewood-type problems on {$[0,1]$}},
   JOURNAL = {Proc. London Math. Soc. (3)},
  FJOURNAL = {Proceedings of the London Mathematical Society. Third Series},
    VOLUME = {79},
      YEAR = {1999},
    NUMBER = {1},
     PAGES = {22--46},
      ISSN = {0024-6115},
     CODEN = {PLMTAL},
   MRCLASS = {11J54 (12E10)},
  MRNUMBER = {1687555},
MRREVIEWER = {Serge{\u\i} V. Konyagin},
       DOI = {10.1112/S0024611599011831},
       URL = {http://dx.doi.org/10.1112/S0024611599011831},
}

@article {BE97,
    AUTHOR = {Borwein, P. and Erd{\'e}lyi, T.},
     TITLE = {Littlewood-type problems on subarcs of the unit circle},
   JOURNAL = {Indiana Univ. Math. J.},
  FJOURNAL = {Indiana University Mathematics Journal},
    VOLUME = {46},
      YEAR = {1997},
    NUMBER = {4},
     PAGES = {1323--1346},
      ISSN = {0022-2518},
     CODEN = {IUMJAB},
   MRCLASS = {30C10},
  MRNUMBER = {1631600},
MRREVIEWER = {Jay M. Jahangiri},
       DOI = {10.1512/iumj.1997.46.1435},
       URL = {http://dx.doi.org/10.1512/iumj.1997.46.1435},
}

@article {P94,
    AUTHOR = {Pinelis, Iosif},
     TITLE = {Optimum bounds for the distributions of martingales in
              {B}anach spaces},
   JOURNAL = {Ann. Probab.},
  FJOURNAL = {The Annals of Probability},
    VOLUME = {22},
      YEAR = {1994},
    NUMBER = {4},
     PAGES = {1679--1706},
      ISSN = {0091-1798},
     CODEN = {APBYAE},
   MRCLASS = {60B11 (60G42)},
  MRNUMBER = {1331198},
MRREVIEWER = {J{\'o}zef Zygo},
       URL =
              {http://links.jstor.org.offcampus.lib.washington.edu/sici?sici=0091-1798(199410)22:4<1679:OBFTDO>2.0.CO;2-2&origin=MSN},
}

@article {H63,
    AUTHOR = {Hoeffding, Wassily},
     TITLE = {Probability inequalities for sums of bounded random variables},
   JOURNAL = {J. Amer. Statist. Assoc.},
  FJOURNAL = {Journal of the American Statistical Association},
    VOLUME = {58},
      YEAR = {1963},
     PAGES = {13--30},
      ISSN = {0162-1459},
   MRCLASS = {60.20},
  MRNUMBER = {0144363},
MRREVIEWER = {E. H. Lehman, Jr.},
       URL =
              {http://links.jstor.org/sici?sici=0162-1459(196303)58:301<13:PIFSOB>2.0.CO;2-D&origin=MSN},
}

@inproceedings{BKKM04,
    AUTHOR = {Batu, Tuvgkan and Kannan, Sampath and Khanna, Sanjeev and
              McGregor, Andrew},
     TITLE = {Reconstructing strings from random traces},
 BOOKTITLE = {Proceedings of the {F}ifteenth {A}nnual {ACM}-{SIAM}
              {S}ymposium on {D}iscrete {A}lgorithms},
     PAGES = {910--918},
 PUBLISHER = {ACM, New York},
      YEAR = {2004},
   MRCLASS = {92D20 (68W05)},
  MRNUMBER = {2290981},
}

@inproceedings{KM05,
  title={More on reconstructing strings from random traces: insertions and deletions},
  author={Kannan, Sampath and McGregor, Andrew},
  booktitle={Proceedings of the International Symposium on Information Theory (ISIT)},
  pages={297--301},
  year={2005},
  organization={IEEE}
}

@inproceedings{HMPW08,
    AUTHOR = {Holenstein, Thomas and Mitzenmacher, Michael and Panigrahy,
              Rina and Wieder, Udi},
     TITLE = {Trace reconstruction with constant deletion probability and
              related results},
 BOOKTITLE = {Proceedings of the {N}ineteenth {A}nnual {ACM}-{SIAM}
              {S}ymposium on {D}iscrete {A}lgorithms},
     PAGES = {389--398},
 PUBLISHER = {ACM, New York},
      YEAR = {2008},
   MRCLASS = {94A13 (68R15)},
  MRNUMBER = {2487606},
}

@inproceedings{VS08,
    AUTHOR = {Viswanathan, Krishnamurthy and Swaminathan, Ram},
     TITLE = {Improved string reconstruction over insertion-deletion
              channels},
 BOOKTITLE = {Proceedings of the {N}ineteenth {A}nnual {ACM}-{SIAM}
              {S}ymposium on {D}iscrete {A}lgorithms},
     PAGES = {399--408},
 PUBLISHER = {ACM, New York},
      YEAR = {2008},
   MRCLASS = {94A15 (68R15 94A24)},
  MRNUMBER = {2487607},
}

@incollection{MPV14,
    AUTHOR = {McGregor, Andrew and Price, Eric and Vorotnikova, Sofya},
     TITLE = {Trace reconstruction revisited},
 BOOKTITLE = {Algorithms---{ESA} 2014},
    SERIES = {Lecture Notes in Comput. Sci.},
    VOLUME = {8737},
     PAGES = {689--700},
 PUBLISHER = {Springer, Heidelberg},
      YEAR = {2014},
   MRCLASS = {68W32},
  MRNUMBER = {3253172},
       DOI = {10.1007/978-3-662-44777-2_57},
       URL = {http://dx.doi.org/10.1007/978-3-662-44777-2_57},
}

@aricle {L66,
    AUTHOR = {Levenshtein, V. I.},
     TITLE = {Binary codes capable of correcting deletions, insertions, and
              reversals},
   JOURNAL = {Soviet Physics Dokl.},
  FJOURNAL = {Soviet Physics. Doklady},
    VOLUME = {10},
      YEAR = {1965},
     PAGES = {707--710},
      ISSN = {0038-5689},
   MRCLASS = {94.10},
  MRNUMBER = {0189928},
MRREVIEWER = {R. W. Hamming},
}

@article {M09,
    AUTHOR = {Mitzenmacher, Michael},
     TITLE = {A survey of results for deletion channels and related
              synchronization channels},
   JOURNAL = {Probab. Surv.},
  FJOURNAL = {Probability Surveys},
    VOLUME = {6},
      YEAR = {2009},
     PAGES = {1--33},
      ISSN = {1549-5787},
   MRCLASS = {94B50 (62B10 68P30)},
  MRNUMBER = {2525669},
       DOI = {10.1214/08-PS141},
       URL = {http://dx.doi.org/10.1214/08-PS141},
}


@inproceedings{NP16,
	author = {{Nazarov}, F. and {Peres}, Y.},
	title = "{Trace reconstruction with $\exp( O( n^{1/3} ) )$ samples}",
	booktitle = {Proceedings of the 49th Annual ACM SIGACT Symposium on Theory of Computing},
	series = {STOC 17},
	year = {2017},
	location = {Montreal, Canada},
	pages = {1042--1046},
	numpages = {5},
	publisher = {ACM},
	address = {New York, NY, USA},
}


@inproceedings{DOS16,
	author = {{De}, A. and {O'Donnell}, R. and {Servedio}, R.},
	title = "{Optimal mean-based algorithms for trace reconstruction}",
	booktitle = {Proceedings of the 49th Annual ACM SIGACT Symposium on Theory of Computing},
	series = {STOC 17},
	year = {2017},
	location = {Montreal, Canada},
	pages = {1047--1056},
	numpages = {10},
	publisher = {ACM},
	address = {New York, NY, USA},
}




@misc{PZ17,
	author = {Peres, Y. and Zhai, A.},
	title = {Average-case reconstruction for the deletion channel: subpolynomially many traces suffice},
	year = {2017}, 
	note = {To appear in FOCS}
}

@article {L01a,
	AUTHOR = {Levenshtein, Vladimir I.},
	TITLE = {Efficient reconstruction of sequences},
	JOURNAL = {IEEE Trans. Inform. Theory},
	FJOURNAL = {Institute of Electrical and Electronics Engineers.
	Transactions on Information Theory},
	VOLUME = {47},
	YEAR = {2001},
	NUMBER = {1},
	PAGES = {2--22},
	ISSN = {0018-9448},
	MRCLASS = {94A55 (94A40)},
	MRNUMBER = {1819952},
	MRREVIEWER = {T. Aaron Gulliver},
	DOI = {10.1109/18.904499},
	URL = {http://dx.doi.org/10.1109/18.904499},
}

@article {L01b,
	AUTHOR = {Levenshtein, Vladimir I.},
	TITLE = {Efficient reconstruction of sequences from their subsequences
	or supersequences},
	JOURNAL = {J. Combin. Theory Ser. A},
	FJOURNAL = {Journal of Combinatorial Theory. Series A},
	VOLUME = {93},
	YEAR = {2001},
	NUMBER = {2},
	PAGES = {310--332},
	ISSN = {0097-3165},
	MRCLASS = {05A99 (94A15)},
	MRNUMBER = {1805300},
	MRREVIEWER = {Y. Roditty},
	DOI = {10.1006/jcta.2000.3081},
	URL = {http://dx.doi.org/10.1006/jcta.2000.3081},
}

@article {S1899,
	AUTHOR = {Sheppard, W.},
	TITLE = {On the application of the theory of error to cases of normal distribution and normal correlations},
	JOURNAL = {Phil. Trans. Royal Soc. London},
	VOLUME = {192},
	YEAR = {1899},
	PAGES = {101--168},
	ISSN = {0097-3165},
}

@article {azuma67,
	AUTHOR = {Azuma, Kazuoki},
	TITLE = {Weighted sums of certain dependent random variables},
	JOURNAL = {T\^ohoku Math. J. (2)},
	FJOURNAL = {The Tohoku Mathematical Journal. Second Series},
	VOLUME = {19},
	YEAR = {1967},
	PAGES = {357--367},
	ISSN = {0040-8735},
	MRCLASS = {60.40},
	MRNUMBER = {0221571},
	MRREVIEWER = {Bernard Harris},
	URL = {https://doi.org/10.2748/tmj/1178243286},
}

@article {hoeffding63,
	AUTHOR = {Hoeffding, Wassily},
	TITLE = {Probability inequalities for sums of bounded random variables},
	JOURNAL = {J. Amer. Statist. Assoc.},
	FJOURNAL = {Journal of the American Statistical Association},
	VOLUME = {58},
	YEAR = {1963},
	PAGES = {13--30},
	ISSN = {0162-1459},
	MRCLASS = {60.20},
	MRNUMBER = {0144363},
	MRREVIEWER = {E. H. Lehman, Jr.},
	URL =
	{http://links.jstor.org/sici?sici=0162-1459(196303)58:301<13:PIFSOB>2.0.CO;2-D&origin=MSN},
}
