%% This BibTeX bibliography file was created using BibDesk.
%% http://bibdesk.sourceforge.net/

%% Created for Guy Bresler at 2017-02-17 18:35:32 -0500 


%% Saved with string encoding Unicode (UTF-8) 



@article{chen2016statistical,
	Author = {Chen, Yudong and Xu, Jiaming},
	Date-Added = {2017-02-17 23:35:26 +0000},
	Date-Modified = {2017-02-17 23:35:26 +0000},
	Journal = {Journal of Machine Learning Research},
	Number = {27},
	Pages = {1--57},
	Title = {Statistical-computational tradeoffs in planted problems and submatrix localization with a growing number of clusters and submatrices},
	Volume = {17},
	Year = {2016}}

@inproceedings{alon2007testing,
	Author = {Alon, Noga and Andoni, Alexandr and Kaufman, Tali and Matulef, Kevin and Rubinfeld, Ronitt and Xie, Ning},
	Booktitle = {Proceedings of the thirty-ninth annual ACM symposium on Theory of computing},
	Date-Added = {2017-02-17 18:31:18 +0000},
	Date-Modified = {2017-02-17 18:31:18 +0000},
	Organization = {ACM},
	Pages = {496--505},
	Title = {Testing k-wise and almost k-wise independence},
	Year = {2007}}

@article{cai2015computational,
	Author = {Cai, Tony and Liang, Tengyuan and Rakhlin, Alexander},
	Date-Added = {2017-02-17 12:41:55 +0000},
	Date-Modified = {2017-02-17 12:41:55 +0000},
	Journal = {arXiv preprint arXiv:1502.01988},
	Title = {Computational and statistical boundaries for submatrix localization in a large noisy matrix},
	Year = {2015}}

@inproceedings{deshpande2014sparse,
	Author = {Deshpande, Yash and Montanari, Andrea},
	Booktitle = {Advances in Neural Information Processing Systems},
	Date-Added = {2017-02-17 12:41:48 +0000},
	Date-Modified = {2017-02-17 12:41:48 +0000},
	Pages = {334--342},
	Title = {Sparse pca via covariance thresholding},
	Year = {2014}}

@article{jerrum1992large,
	Author = {Jerrum, Mark},
	Date-Added = {2017-02-17 12:41:24 +0000},
	Date-Modified = {2017-02-17 12:41:24 +0000},
	Journal = {Random Structures \& Algorithms},
	Number = {4},
	Pages = {347--359},
	Publisher = {Wiley Online Library},
	Title = {Large cliques elude the Metropolis process},
	Volume = {3},
	Year = {1992}}

@article{diaconis1980finite,
	Author = {Diaconis, Persi and Freedman, David},
	Date-Added = {2017-02-17 12:41:21 +0000},
	Date-Modified = {2017-02-17 12:41:21 +0000},
	Journal = {The Annals of Probability},
	Pages = {745--764},
	Publisher = {JSTOR},
	Title = {Finite exchangeable sequences},
	Year = {1980}}

@article{deshpande2015finding,
	Author = {Deshpande, Yash and Montanari, Andrea},
	Date-Added = {2017-02-17 12:39:45 +0000},
	Date-Modified = {2017-02-17 13:03:36 +0000},
	Journal = {Foundations of Computational Mathematics},
	Number = {4},
	Pages = {1069--1128},
	Publisher = {Springer},
	Title = {Finding hidden cliques of size$\sqrt{N/e}$ in nearly linear time},
	Volume = {15},
	Year = {2015}}

@inproceedings{shalev2012using,
	Author = {Shalev-Shwartz, Shai and Shamir, Ohad and Tromer, Eran},
	Booktitle = {AISTATS},
	Date-Added = {2017-02-17 01:22:10 +0000},
	Date-Modified = {2017-02-17 01:22:10 +0000},
	Pages = {1019--1027},
	Title = {Using More Data to Speed-up Training Time.},
	Year = {2012}}

@inproceedings{vu2012minimax,
	Author = {Vu, Vincent Q and Lei, Jing},
	Booktitle = {AISTATS},
	Date-Added = {2017-02-17 01:19:08 +0000},
	Date-Modified = {2017-02-17 01:19:08 +0000},
	Pages = {1278--1286},
	Title = {Minimax Rates of Estimation for Sparse PCA in High Dimensions.},
	Volume = {15},
	Year = {2012}}

@article{krauthgamer2015semidefinite,
	Author = {Krauthgamer, Robert and Nadler, Boaz and Vilenchik, Dan},
	Date-Added = {2017-02-16 22:40:23 +0000},
	Date-Modified = {2017-02-17 01:28:35 +0000},
	Journal = {The Annals of Statistics},
	Number = {3},
	Pages = {1300--1322},
	Publisher = {Institute of Mathematical Statistics},
	Title = {Do semidefinite relaxations solve sparse PCA up to the information limit?},
	Volume = {43},
	Year = {2015}}

@article{baik2005phase,
	Author = {Baik, Jinho and Arous, G{\'e}rard Ben and P{\'e}ch{\'e}, Sandrine},
	Date-Added = {2017-02-16 20:02:05 +0000},
	Date-Modified = {2017-02-17 01:29:10 +0000},
	Journal = {The Annals of Probability},
	Number = {5},
	Pages = {1643--1697},
	Publisher = {Institute of Mathematical Statistics},
	Title = {Phase transition of the largest eigenvalue for nonnull complex sample covariance matrices},
	Volume = {33},
	Year = {2005}}

@article{bickel2008regularized,
	Author = {Bickel, Peter J and Levina, Elizaveta},
	Date-Added = {2017-02-16 20:01:01 +0000},
	Date-Modified = {2017-02-16 20:01:01 +0000},
	Journal = {The Annals of Statistics},
	Pages = {199--227},
	Publisher = {JSTOR},
	Title = {Regularized estimation of large covariance matrices},
	Year = {2008}}

@article{cai2011adaptive,
	Author = {Cai, Tony and Liu, Weidong},
	Date-Added = {2017-02-16 20:00:18 +0000},
	Date-Modified = {2017-02-16 20:00:18 +0000},
	Journal = {Journal of the American Statistical Association},
	Number = {494},
	Pages = {672--684},
	Publisher = {Taylor \&amp; Francis},
	Title = {Adaptive thresholding for sparse covariance matrix estimation},
	Volume = {106},
	Year = {2011}}

@article{el2010information,
	Author = {El Karoui, Noureddine},
	Date-Added = {2017-02-16 19:59:26 +0000},
	Date-Modified = {2017-02-17 01:27:55 +0000},
	Journal = {The Annals of Statistics},
	Number = {5},
	Pages = {3191--3216},
	Publisher = {Institute of Mathematical Statistics},
	Title = {On information plus noise kernel random matrices},
	Volume = {38},
	Year = {2010}}

@article{d2008optimal,
	Author = {d'Aspremont, Alexandre and Bach, Francis and Ghaoui, Laurent El},
	Date-Added = {2017-02-16 19:58:07 +0000},
	Date-Modified = {2017-02-16 19:58:07 +0000},
	Journal = {Journal of Machine Learning Research},
	Number = {Jul},
	Pages = {1269--1294},
	Title = {Optimal solutions for sparse principal component analysis},
	Volume = {9},
	Year = {2008}}

@article{johnstoneSparse04,
	Author = {Johnstone, Iain M and Lu, Arthur Yu},
	Date-Added = {2017-02-16 19:56:08 +0000},
	Date-Modified = {2017-02-16 19:57:07 +0000},
	Journal = {Unpublished manuscript},
	Title = {Sparse principal components analysis},
	Year = {2004}}

@article{paul2007asymptotics,
	Author = {Paul, Debashis},
	Date-Added = {2017-02-16 19:54:29 +0000},
	Date-Modified = {2017-02-16 19:54:29 +0000},
	Journal = {Statistica Sinica},
	Pages = {1617--1642},
	Publisher = {JSTOR},
	Title = {Asymptotics of sample eigenstructure for a large dimensional spiked covariance model},
	Year = {2007}}

@article{arias2015detecting,
	Author = {Arias-Castro, Ery and Bubeck, S{\'e}bastien and Lugosi, G{\'a}bor},
	Date-Added = {2017-02-16 19:41:15 +0000},
	Date-Modified = {2017-02-17 01:28:39 +0000},
	Journal = {Bernoulli},
	Number = {1},
	Pages = {209--241},
	Publisher = {Bernoulli Society for Mathematical Statistics and Probability},
	Title = {Detecting positive correlations in a multivariate sample},
	Volume = {21},
	Year = {2015}}

@article{arias2012detection,
	Author = {Arias-Castro, Ery and Bubeck, S{\'e}bastien and Lugosi, G{\'a}bor},
	Date-Added = {2017-02-16 19:38:51 +0000},
	Date-Modified = {2017-02-17 01:28:52 +0000},
	Journal = {The Annals of Statistics},
	Number = {1},
	Pages = {412--435},
	Publisher = {Institute of Mathematical Statistics},
	Title = {Detection of correlations},
	Volume = {40},
	Year = {2012}}

@article{addario2010combinatorial,
	Author = {Addario-Berry, Louigi and Broutin, Nicolas and Devroye, Luc and Lugosi, G{\'a}bor},
	Date-Added = {2017-02-16 19:38:12 +0000},
	Date-Modified = {2017-02-17 01:29:01 +0000},
	Journal = {The Annals of Statistics},
	Number = {5},
	Pages = {3063--3092},
	Publisher = {Institute of Mathematical Statistics},
	Title = {On combinatorial testing problems},
	Volume = {38},
	Year = {2010}}

@article{alon1998finding,
	Author = {Alon, Noga and Krivelevich, Michael and Sudakov, Benny},
	Date-Added = {2017-02-16 19:37:23 +0000},
	Date-Modified = {2017-02-16 19:37:23 +0000},
	Journal = {Random Structures and Algorithms},
	Number = {3-4},
	Pages = {457--466},
	Title = {Finding a large hidden clique in a random graph},
	Volume = {13},
	Year = {1998}}

@article{amini2009high,
	Author = {Amini, Arash A and Wainwright, Martin J},
	Date-Added = {2017-02-16 19:35:29 +0000},
	Date-Modified = {2017-02-17 01:29:07 +0000},
	Journal = {The Annals of Statistics},
	Number = {5B},
	Pages = {2877--2921},
	Publisher = {Institute of Mathematical Statistics},
	Title = {High-dimensional analysis of semidefinite relaxations for sparse principal components},
	Volume = {37},
	Year = {2009}}

@article{butucea2013detection,
	Author = {Butucea, Cristina and Ingster, Yuri I},
	Date-Added = {2017-02-16 19:34:37 +0000},
	Date-Modified = {2017-02-17 01:28:48 +0000},
	Journal = {Bernoulli},
	Number = {5B},
	Pages = {2652--2688},
	Publisher = {Bernoulli Society for Mathematical Statistics and Probability},
	Title = {Detection of a sparse submatrix of a high-dimensional noisy matrix},
	Volume = {19},
	Year = {2013}}

@article{chandrasekaran2013computational,
	Author = {Chandrasekaran, Venkat and Jordan, Michael I},
	Date-Added = {2017-02-16 19:32:58 +0000},
	Date-Modified = {2017-02-16 19:32:58 +0000},
	Journal = {Proceedings of the National Academy of Sciences},
	Number = {13},
	Pages = {E1181--E1190},
	Publisher = {National Acad Sciences},
	Title = {Computational and statistical tradeoffs via convex relaxation},
	Volume = {110},
	Year = {2013}}

@article{d2007direct,
	Author = {d'Aspremont, Alexandre and El Ghaoui, Laurent and Jordan, Michael I and Lanckriet, Gert RG},
	Date-Added = {2017-02-16 19:32:09 +0000},
	Date-Modified = {2017-02-16 19:32:09 +0000},
	Journal = {SIAM review},
	Number = {3},
	Pages = {434--448},
	Title = {A Direct Formulation for Sparse PCA Using Semidefinite Programming.},
	Volume = {49},
	Year = {2007}}

@article{cai2010optimal,
	Author = {Cai, T Tony and Zhang, Cun-Hui and Zhou, Harrison H},
	Date-Added = {2017-02-16 19:31:17 +0000},
	Date-Modified = {2017-02-17 01:28:55 +0000},
	Journal = {The Annals of Statistics},
	Number = {4},
	Pages = {2118--2144},
	Publisher = {Institute of Mathematical Statistics},
	Title = {Optimal rates of convergence for covariance matrix estimation},
	Volume = {38},
	Year = {2010}}

@article{johnstone2009consistency,
	Author = {Johnstone, Iain M and Lu, Arthur Yu},
	Date-Added = {2017-02-16 19:30:06 +0000},
	Date-Modified = {2017-02-16 19:30:06 +0000},
	Journal = {Journal of the American Statistical Association},
	Number = {486},
	Pages = {682--693},
	Publisher = {Taylor \&amp; Francis},
	Title = {On consistency and sparsity for principal components analysis in high dimensions},
	Volume = {104},
	Year = {2009}}

@article{arias2016distribution,
	Author = {Arias-Castro, Ery and Liu, Yuchao},
	Date-Added = {2017-02-16 19:20:47 +0000},
	Date-Modified = {2017-02-16 19:20:47 +0000},
	Journal = {arXiv preprint arXiv:1604.07449},
	Title = {Distribution-free Detection of a Submatrix},
	Year = {2016}}

@article{berthet2016resource,
	Author = {Berthet, Quentin and Chandrasekaran, Venkat},
	Date-Added = {2017-02-16 19:20:03 +0000},
	Date-Modified = {2017-02-16 19:20:03 +0000},
	Journal = {Proceedings of the IEEE},
	Number = {1},
	Pages = {111--125},
	Publisher = {IEEE},
	Title = {Resource Allocation for Statistical Estimation},
	Volume = {104},
	Year = {2016}}

@article{flammarion2016optimal,
	Author = {Flammarion, Nicolas and Mao, Cheng and Rigollet, Philippe},
	Date-Added = {2017-02-16 19:19:11 +0000},
	Date-Modified = {2017-02-16 19:19:11 +0000},
	Journal = {arXiv preprint arXiv:1607.02435},
	Title = {Optimal Rates of Statistical Seriation},
	Year = {2016}}

@article{perry2016optimality,
	Author = {Perry, Amelia and Wein, Alexander S and Bandeira, Afonso S and Moitra, Ankur},
	Date-Added = {2017-02-16 19:16:52 +0000},
	Date-Modified = {2017-02-16 19:16:52 +0000},
	Journal = {arXiv preprint arXiv:1609.05573},
	Title = {Optimality and Sub-optimality of PCA for Spiked Random Matrices and Synchronization},
	Year = {2016}}

@article{ma2015volume,
	Author = {Ma, Zongming and Wu, Yihong},
	Date-Added = {2017-02-16 19:15:40 +0000},
	Date-Modified = {2017-02-16 19:15:40 +0000},
	Journal = {IEEE Transactions on Information Theory},
	Number = {12},
	Pages = {6939--6956},
	Publisher = {IEEE},
	Title = {Volume ratio, sparsity, and minimaxity under unitarily invariant norms},
	Volume = {61},
	Year = {2015}}

@article{deshpande2016sparse,
	Author = {Deshpande, Yash and Montanari, Andrea},
	Date-Added = {2017-02-16 19:14:27 +0000},
	Date-Modified = {2017-02-16 19:14:27 +0000},
	Journal = {Journal of Machine Learning Research},
	Pages = {1--41},
	Title = {Sparse PCA via Covariance Thresholding},
	Volume = {17},
	Year = {2016}}

@inproceedings{zhang2014lower,
	Author = {Zhang, Yuchen and Wainwright, Martin J and Jordan, Michael I},
	Booktitle = {COLT},
	Date-Added = {2017-02-16 19:13:06 +0000},
	Date-Modified = {2017-02-16 19:13:06 +0000},
	Pages = {921--948},
	Title = {Lower bounds on the performance of polynomial-time algorithms for sparse linear regression.},
	Year = {2014}}

@article{ma2013sparse,
	Author = {Ma, Zongming},
	Date-Added = {2017-02-16 19:11:51 +0000},
	Date-Modified = {2017-02-17 01:26:38 +0000},
	Journal = {The Annals of Statistics},
	Number = {2},
	Pages = {772--801},
	Publisher = {Institute of Mathematical Statistics},
	Title = {Sparse principal component analysis and iterative thresholding},
	Volume = {41},
	Year = {2013}}

@article{donoho2013optimal,
	Author = {Donoho, David L and Gavish, Matan and Johnstone, Iain M},
	Date-Added = {2017-02-16 19:10:46 +0000},
	Date-Modified = {2017-02-16 19:10:46 +0000},
	Journal = {arXiv preprint arXiv:1311.0851},
	Title = {Optimal shrinkage of eigenvalues in the spiked covariance model},
	Year = {2013}}

@article{johnstone2015testing,
	Author = {Johnstone, Iain M and Onatski, Alexei},
	Date-Added = {2017-02-16 19:09:59 +0000},
	Date-Modified = {2017-02-16 19:09:59 +0000},
	Journal = {arXiv preprint arXiv:1509.07269},
	Title = {Testing in high-dimensional spiked models},
	Year = {2015}}

@article{dharmawansa2014joint,
	Author = {Dharmawansa, Prathapasinghe and Johnstone, Iain M},
	Date-Added = {2017-02-16 19:09:34 +0000},
	Date-Modified = {2017-02-16 19:09:34 +0000},
	Journal = {Stat},
	Number = {1},
	Pages = {240--249},
	Publisher = {Wiley Online Library},
	Title = {Joint density of eigenvalues in spiked multivariate models},
	Volume = {3},
	Year = {2014}}

@article{bubeck2016testing,
	Author = {Bubeck, S{\'e}bastien and Ding, Jian and Eldan, Ronen and R{\'a}cz, Mikl{\'o}s Z},
	Date-Added = {2017-02-16 19:07:31 +0000},
	Date-Modified = {2017-02-16 19:07:31 +0000},
	Journal = {Random Structures \&amp; Algorithms},
	Publisher = {Wiley Online Library},
	Title = {Testing for high-dimensional geometry in random graphs},
	Year = {2016}}

@article{gao2015minimax,
	Author = {Gao, Chao and Ma, Zongming and Ren, Zhao and Zhou, Harrison H},
	Date-Added = {2017-02-16 19:06:16 +0000},
	Date-Modified = {2017-02-17 01:28:31 +0000},
	Journal = {The Annals of Statistics},
	Number = {5},
	Pages = {2168--2197},
	Publisher = {Institute of Mathematical Statistics},
	Title = {Minimax estimation in sparse canonical correlation analysis},
	Volume = {43},
	Year = {2015}}

@inproceedings{ma2015sum,
	Author = {Ma, Tengyu and Wigderson, Avi},
	Booktitle = {Advances in Neural Information Processing Systems},
	Date-Added = {2017-02-16 19:05:45 +0000},
	Date-Modified = {2017-02-16 19:05:45 +0000},
	Pages = {1612--1620},
	Title = {Sum-of-squares lower bounds for sparse pca},
	Year = {2015}}

@inproceedings{braverman2017eth,
	Author = {Braverman, Mark and Ko, Young Kun and Rubinstein, Aviad and Weinstein, Omri},
	Booktitle = {Proceedings of the Twenty-Eighth Annual ACM-SIAM Symposium on Discrete Algorithms},
	Date-Added = {2017-02-16 19:05:34 +0000},
	Date-Modified = {2017-02-16 19:05:34 +0000},
	Organization = {SIAM},
	Pages = {1326--1341},
	Title = {ETH hardness for densest-k-subgraph with perfect completeness},
	Year = {2017}}

@inproceedings{barak2016nearly,
	Author = {Barak, Boaz and Hopkins, Samuel B and Kelner, Jonathan and Kothari, Pravesh and Moitra, Ankur and Potechin, Aaron},
	Booktitle = {Foundations of Computer Science (FOCS), 2016 IEEE 57th Annual Symposium on},
	Date-Added = {2017-02-16 19:04:46 +0000},
	Date-Modified = {2017-02-16 19:04:46 +0000},
	Organization = {IEEE},
	Pages = {428--437},
	Title = {A nearly tight sum-of-squares lower bound for the planted clique problem},
	Year = {2016}}

@inproceedings{montanari2015limitation,
	Author = {Montanari, Andrea and Reichman, Daniel and Zeitouni, Ofer},
	Booktitle = {Advances in Neural Information Processing Systems},
	Date-Added = {2017-02-16 19:04:11 +0000},
	Date-Modified = {2017-02-16 19:04:11 +0000},
	Pages = {217--225},
	Title = {On the limitation of spectral methods: From the gaussian hidden clique problem to rank-one perturbations of gaussian tensors},
	Year = {2015}}

@inproceedings{hopkins2015tensor,
	Author = {Hopkins, Samuel B and Shi, Jonathan and Steurer, David},
	Booktitle = {COLT},
	Date-Added = {2017-02-16 19:03:19 +0000},
	Date-Modified = {2017-02-16 19:03:19 +0000},
	Pages = {956--1006},
	Title = {Tensor principal component analysis via sum-of-square proofs.},
	Year = {2015}}

@inproceedings{hardt2014computational,
	Author = {Hardt, Moritz and Meka, Raghu and Raghavendra, Prasad and Weitz, Benjamin},
	Booktitle = {COLT},
	Date-Added = {2017-02-16 19:02:35 +0000},
	Date-Modified = {2017-02-16 19:02:35 +0000},
	Pages = {703--725},
	Title = {Computational Limits for Matrix Completion.},
	Year = {2014}}

@inproceedings{deshpande2015improved,
	Author = {Deshpande, Yash and Montanari, Andrea},
	Booktitle = {COLT},
	Date-Added = {2017-02-16 19:00:24 +0000},
	Date-Modified = {2017-02-16 19:00:24 +0000},
	Pages = {523--562},
	Title = {Improved Sum-of-Squares Lower Bounds for Hidden Clique and Hidden Submatrix Problems.},
	Year = {2015}}

@article{cai2016optimal,
	Author = {Cai, T Tony and Li, Xiaodong and Ma, Zongming},
	Date-Added = {2017-02-16 18:57:30 +0000},
	Date-Modified = {2017-02-17 01:28:20 +0000},
	Journal = {The Annals of Statistics},
	Number = {5},
	Pages = {2221--2251},
	Publisher = {Institute of Mathematical Statistics},
	Title = {Optimal rates of convergence for noisy sparse phase retrieval via thresholded Wirtinger flow},
	Volume = {44},
	Year = {2016}}

@inproceedings{hajek2015computational,
	Author = {Hajek, Bruce E and Wu, Yihong and Xu, Jiaming},
	Booktitle = {COLT},
	Date-Added = {2017-02-16 18:57:08 +0000},
	Date-Modified = {2017-02-16 18:57:08 +0000},
	Pages = {899--928},
	Title = {Computational Lower Bounds for Community Detection on Random Graphs.},
	Year = {2015}}

@article{cai2015optimal,
	Author = {Cai, Tony and Ma, Zongming and Wu, Yihong},
	Date-Added = {2017-02-16 18:56:36 +0000},
	Date-Modified = {2017-02-16 18:56:36 +0000},
	Journal = {Probability theory and related fields},
	Number = {3-4},
	Pages = {781--815},
	Publisher = {Springer},
	Title = {Optimal estimation and rank detection for sparse spiked covariance matrices},
	Volume = {161},
	Year = {2015}}

@article{ma2015computational,
	Author = {Ma, Zongming and Wu, Yihong},
	Date-Added = {2017-02-16 18:56:15 +0000},
	Date-Modified = {2017-02-17 01:27:15 +0000},
	Journal = {The Annals of Statistics},
	Number = {3},
	Pages = {1089--1116},
	Publisher = {Institute of Mathematical Statistics},
	Title = {Computational barriers in minimax submatrix detection},
	Volume = {43},
	Year = {2015}}

@inproceedings{feldman2013statistical,
	Author = {Feldman, Vitaly and Grigorescu, Elena and Reyzin, Lev and Vempala, Santosh and Xiao, Ying},
	Booktitle = {Proceedings of the forty-fifth annual ACM symposium on Theory of computing},
	Date-Added = {2017-02-16 18:54:35 +0000},
	Date-Modified = {2017-02-16 18:54:35 +0000},
	Organization = {ACM},
	Pages = {655--664},
	Title = {Statistical algorithms and a lower bound for detecting planted cliques},
	Year = {2013}}

@article{fan2015estimation,
	Author = {Fan, Jianqing and Rigollet, Philippe and Wang, Weichen},
	Date-Added = {2017-02-16 18:48:39 +0000},
	Date-Modified = {2017-02-16 18:48:39 +0000},
	Journal = {Annals of statistics},
	Number = {6},
	Pages = {2706},
	Publisher = {NIH Public Access},
	Title = {Estimation of functionals of sparse covariance matrices},
	Volume = {43},
	Year = {2015}}

@inproceedings{wang2016average,
	Author = {Wang, Tengyao and Berthet, Quentin and Plan, Yaniv},
	Booktitle = {Advances in Neural Information Processing Systems},
	Date-Added = {2017-02-16 18:48:21 +0000},
	Date-Modified = {2017-02-16 18:48:21 +0000},
	Pages = {3819--3827},
	Title = {Average-case hardness of RIP certification},
	Year = {2016}}

@article{wang2016statistical,
	Author = {Wang, Tengyao and Berthet, Quentin and Samworth, Richard J},
	Date-Added = {2017-02-16 18:48:07 +0000},
	Date-Modified = {2017-02-17 01:28:26 +0000},
	Journal = {The Annals of Statistics},
	Number = {5},
	Pages = {1896--1930},
	Publisher = {Institute of Mathematical Statistics},
	Title = {Statistical and computational trade-offs in estimation of sparse principal components},
	Volume = {44},
	Year = {2016}}

@article{berthet2013optimal,
	Author = {Berthet, Quentin and Rigollet, Philippe},
	Date-Added = {2017-02-16 18:47:50 +0000},
	Date-Modified = {2017-02-17 01:28:44 +0000},
	Journal = {The Annals of Statistics},
	Number = {4},
	Pages = {1780--1815},
	Publisher = {Institute of Mathematical Statistics},
	Title = {Optimal detection of sparse principal components in high dimension},
	Volume = {41},
	Year = {2013}}

@inproceedings{berthet2013complexity,
	Author = {Berthet, Quentin and Rigollet, Philippe},
	Booktitle = {COLT},
	Date-Added = {2017-02-16 18:47:40 +0000},
	Date-Modified = {2017-02-16 18:47:40 +0000},
	Pages = {1046--1066},
	Title = {Complexity Theoretic Lower Bounds for Sparse Principal Component Detection.},
	Year = {2013}}

@article{wainwright2009information,
	Author = {Wainwright, Martin J},
	Date-Added = {2015-12-14 19:55:24 +0000},
	Date-Modified = {2015-12-14 19:55:24 +0000},
	Journal = {Information Theory, IEEE Transactions on},
	Number = {12},
	Pages = {5728--5741},
	Publisher = {IEEE},
	Title = {Information-theoretic limits on sparsity recovery in the high-dimensional and noisy setting},
	Volume = {55},
	Year = {2009}}

@inproceedings{goyal2014fourier,
	Author = {Goyal, Naveen and Vempala, Santosh and Xiao, Ying},
	Booktitle = {Symposium on the Theory of Computing (STOC)},
	Date-Added = {2015-04-12 22:22:21 +0000},
	Date-Modified = {2015-04-12 22:22:21 +0000},
	Pages = {3},
	Title = {Fourier pca},
	Year = {2014}}

@article{diakonikolas2013improved,
	Author = {Diakonikolas, Ilias and Servedio, Rocco A},
	Date-Added = {2015-04-12 22:19:11 +0000},
	Date-Modified = {2015-04-12 22:19:11 +0000},
	Journal = {computational complexity},
	Number = {3},
	Pages = {623--677},
	Publisher = {Springer},
	Title = {Improved approximation of linear threshold functions},
	Volume = {22},
	Year = {2013}}

@book{niedermeier2006invitation,
	Author = {Niedermeier, R.},
	Date-Added = {2015-04-12 21:47:04 +0000},
	Date-Modified = {2015-04-12 21:48:57 +0000},
	Publisher = {Oxford University Press},
	Title = {Invitation to fixed-parameter algorithms},
	Year = {2006}}

@article{needell2009cosamp,
	Author = {Needell, Deanna and Tropp, Joel A},
	Date-Added = {2014-12-08 20:02:54 +0000},
	Date-Modified = {2014-12-08 20:02:54 +0000},
	Journal = {Applied and Computational Harmonic Analysis},
	Number = {3},
	Pages = {301--321},
	Publisher = {Elsevier},
	Title = {CoSaMP: Iterative signal recovery from incomplete and inaccurate samples},
	Volume = {26},
	Year = {2009}}

@article{dai2009subspace,
	Author = {Dai, Wei and Milenkovic, Olgica},
	Date-Added = {2014-12-08 20:02:17 +0000},
	Date-Modified = {2014-12-08 20:02:17 +0000},
	Journal = {Information Theory, IEEE Transactions on},
	Number = {5},
	Pages = {2230--2249},
	Publisher = {IEEE},
	Title = {Subspace pursuit for compressive sensing signal reconstruction},
	Volume = {55},
	Year = {2009}}

@article{zhang2011adaptive,
	Author = {Zhang, Tong},
	Date-Added = {2014-12-08 18:24:34 +0000},
	Date-Modified = {2014-12-08 18:24:34 +0000},
	Journal = {Information Theory, IEEE Transactions on},
	Number = {7},
	Pages = {4689--4708},
	Publisher = {IEEE},
	Title = {Adaptive forward-backward greedy algorithm for learning sparse representations},
	Volume = {57},
	Year = {2011}}

@inproceedings{zhang2009consistency,
	Author = {Zhang, Tong},
	Booktitle = {Journal of Machine Learning Research},
	Date-Added = {2014-12-08 18:23:55 +0000},
	Date-Modified = {2014-12-08 18:23:55 +0000},
	Pages = {555--568},
	Title = {On the consistency of feature selection using greedy least squares regression},
	Year = {2009}}

@article{chen1998atomic,
	Author = {Chen, Scott Shaobing and Donoho, David L and Saunders, Michael A},
	Date-Added = {2014-12-08 18:14:59 +0000},
	Date-Modified = {2014-12-08 18:14:59 +0000},
	Journal = {SIAM journal on scientific computing},
	Number = {1},
	Pages = {33--61},
	Publisher = {SIAM},
	Title = {Atomic decomposition by basis pursuit},
	Volume = {20},
	Year = {1998}}

@book{temlyakov2011greedy,
	Author = {Temlyakov, Vladimir},
	Date-Added = {2014-12-08 18:12:38 +0000},
	Date-Modified = {2014-12-08 18:12:38 +0000},
	Publisher = {Cambridge University Press},
	Title = {Greedy approximation},
	Year = {2011}}

@article{friedman2000additive,
	Author = {Friedman, Jerome and Hastie, Trevor and Tibshirani, Robert},
	Date-Added = {2014-12-08 18:00:57 +0000},
	Date-Modified = {2017-02-17 01:29:14 +0000},
	Journal = {The annals of statistics},
	Number = {2},
	Pages = {337--407},
	Publisher = {Institute of Mathematical Statistics},
	Title = {Additive logistic regression: a statistical view of boosting (with discussion and a rejoinder by the authors)},
	Volume = {28},
	Year = {2000}}

@article{wasserman2009high,
	Author = {Wasserman, Larry and Roeder, Kathryn},
	Date-Added = {2014-12-08 17:50:54 +0000},
	Date-Modified = {2014-12-08 17:50:54 +0000},
	Journal = {Annals of statistics},
	Number = {5A},
	Pages = {2178},
	Publisher = {NIH Public Access},
	Title = {High dimensional variable selection},
	Volume = {37},
	Year = {2009}}

@article{tanaka1998mean,
	Author = {Toshiyuki, T.},
	Date-Added = {2014-11-22 16:36:11 +0000},
	Date-Modified = {2014-11-22 16:44:45 +0000},
	Journal = {Physical Review E},
	Number = {2},
	Pages = {2302},
	Publisher = {APS},
	Title = {Mean-field theory of Boltzmann machine learning},
	Volume = {58},
	Year = {1998}}

@article{lezon2006using,
	Author = {Lezon, T. and Banavar, J. and Cieplak, M. and Maritan, A. and Fedoroff, N.},
	Date-Added = {2014-11-22 16:35:06 +0000},
	Date-Modified = {2014-11-22 16:41:01 +0000},
	Journal = {Proceedings of the National Academy of Sciences},
	Number = {50},
	Pages = {19033--19038},
	Publisher = {National Acad Sciences},
	Title = {Using the principle of entropy maximization to infer genetic interaction networks from gene expression patterns},
	Volume = {103},
	Year = {2006}}

@article{aurell2010dynamics,
	Author = {Aurell, E. and Ollion, C. and Roudi, Y.},
	Date-Added = {2014-11-22 16:32:15 +0000},
	Date-Modified = {2014-11-22 16:40:08 +0000},
	Journal = {The European Physical Journal B-Condensed Matter and Complex Systems},
	Number = {4},
	Pages = {587--595},
	Publisher = {Springer},
	Title = {Dynamics and performance of susceptibility propagation on synthetic data},
	Volume = {77},
	Year = {2010}}

@article{mezard2009constraint,
	Author = {M{\'e}zard, M. and Mora, T.},
	Date-Added = {2014-11-22 16:26:54 +0000},
	Date-Modified = {2014-11-22 16:40:42 +0000},
	Journal = {Journal of Physiology-Paris},
	Number = {1},
	Pages = {107--113},
	Publisher = {Elsevier},
	Title = {Constraint satisfaction problems and neural networks: A statistical physics perspective},
	Volume = {103},
	Year = {2009}}

@article{ricci2012bethe,
	Author = {Ricci-Tersenghi, F.},
	Date-Added = {2014-11-22 16:21:21 +0000},
	Date-Modified = {2014-11-30 02:14:33 +0000},
	Journal = {Journal of Statistical Mechanics: Theory and Experiment},
	Number = {08},
	Publisher = {IOP Publishing},
	Title = {The {B}ethe approximation for solving the inverse {I}sing problem: a comparison with other inference methods},
	Year = {2012}}

@article{hinton1986learning,
	Author = {Hinton, G. and Sejnowski, T.},
	Date-Added = {2014-11-22 16:09:29 +0000},
	Date-Modified = {2014-11-22 16:42:54 +0000},
	Journal = {MIT Press},
	Number = {282-317},
	Pages = {4--2},
	Title = {Learning and relearning in {B}oltzmann machines},
	Volume = {1},
	Year = {1986}}

@article{ackley1985learning,
	Author = {Ackley, D. and Hinton, G. and Sejnowski, T.},
	Date-Added = {2014-11-22 16:09:11 +0000},
	Date-Modified = {2014-11-22 16:39:50 +0000},
	Journal = {Cognitive science},
	Number = {1},
	Pages = {147--169},
	Publisher = {Wiley Online Library},
	Title = {A learning algorithm for boltzmann machines*},
	Volume = {9},
	Year = {1985}}

@article{socolich2005evolutionary,
	Author = {Socolich, Michael and Lockless, Steve W and Russ, William P and Lee, Heather and Gardner, Kevin H and Ranganathan, Rama},
	Date-Added = {2014-11-22 16:06:44 +0000},
	Date-Modified = {2014-11-22 16:06:44 +0000},
	Journal = {Nature},
	Number = {7058},
	Pages = {512--518},
	Publisher = {Nature Publishing Group},
	Title = {Evolutionary information for specifying a protein fold},
	Volume = {437},
	Year = {2005}}

@article{sessak2009small,
	Author = {Sessak, V. and Monasson, R.},
	Date-Added = {2014-11-22 16:04:59 +0000},
	Date-Modified = {2014-11-30 02:15:19 +0000},
	Journal = {Journal of Physics A: Mathematical and Theoretical},
	Number = {5},
	Pages = {055001},
	Publisher = {IOP Publishing},
	Title = {Small-correlation expansions for the inverse {I}sing problem},
	Volume = {42},
	Year = {2009}}

@article{mora2010maximum,
	Author = {Mora, T. and Walczak, A. and Bialek, W. and Callan, C.},
	Date-Added = {2014-11-22 16:00:25 +0000},
	Date-Modified = {2014-11-22 16:41:19 +0000},
	Journal = {Proceedings of the National Academy of Sciences},
	Number = {12},
	Pages = {5405--5410},
	Publisher = {National Acad Sciences},
	Title = {Maximum entropy models for antibody diversity},
	Volume = {107},
	Year = {2010}}

@article{roudi2009statistical,
	Author = {Roudi, Y. and Aurell, E. and Hertz, J.},
	Date-Added = {2014-11-22 15:52:06 +0000},
	Date-Modified = {2014-11-22 16:40:22 +0000},
	Journal = {Frontiers in computational neuroscience},
	Publisher = {Frontiers Research Foundation},
	Title = {Statistical physics of pairwise probability models},
	Volume = {3},
	Year = {2009}}

@article{decelle2014pseudolikelihood,
	Author = {Decelle, A. and Ricci-Tersenghi, F.},
	Date-Added = {2014-11-22 15:46:50 +0000},
	Date-Modified = {2014-11-22 16:40:14 +0000},
	Journal = {Physical review letters},
	Number = {7},
	Pages = {070603},
	Publisher = {APS},
	Title = {Pseudolikelihood Decimation Algorithm Improving the Inference of the Interaction Network in a General Class of Ising Models},
	Volume = {112},
	Year = {2014}}

@book{opper2001advanced,
	Author = {Opper, Manfred and Saad, David},
	Date-Added = {2014-11-22 15:24:02 +0000},
	Date-Modified = {2014-11-22 15:24:02 +0000},
	Publisher = {MIT press},
	Title = {Advanced mean field methods: Theory and practice},
	Year = {2001}}

@article{weigt2009identification,
	Author = {Weigt, M. and White, R. and Szurmant, H. and Hoch, J. and Hwa, T.},
	Date-Added = {2014-11-22 15:22:42 +0000},
	Date-Modified = {2014-11-22 16:43:54 +0000},
	Journal = {Proceedings of the National Academy of Sciences},
	Number = {1},
	Pages = {67--72},
	Publisher = {National Acad Sciences},
	Title = {Identification of direct residue contacts in protein--protein interaction by message passing},
	Volume = {106},
	Year = {2009}}

@article{cocco2009neuronal,
	Author = {Cocco, S. and Leibler, S. and Monasson, R.},
	Date-Added = {2014-11-22 15:19:33 +0000},
	Date-Modified = {2014-11-22 16:42:19 +0000},
	Journal = {Proceedings of the National Academy of Sciences},
	Number = {33},
	Pages = {14058--14062},
	Publisher = {National Acad Sciences},
	Title = {Neuronal couplings between retinal ganglion cells inferred by efficient inverse statistical physics methods},
	Volume = {106},
	Year = {2009}}

@article{schneidman2006weak,
	Author = {Schneidman, E. and Berry, M. and Segev, R. and Bialek, W.},
	Date-Added = {2014-11-22 15:03:30 +0000},
	Date-Modified = {2014-11-22 16:43:18 +0000},
	Journal = {Nature},
	Number = {7087},
	Pages = {1007--1012},
	Publisher = {Nature Publishing Group},
	Title = {Weak pairwise correlations imply strongly correlated network states in a neural population},
	Volume = {440},
	Year = {2006}}

@inproceedings{kalai2009learning,
	Author = {Kalai, A. and Samorodnitsky, A. and Teng, S.H.},
	Booktitle = {FOCS},
	Date-Added = {2014-11-19 21:20:18 +0000},
	Date-Modified = {2014-11-21 00:37:07 +0000},
	Organization = {IEEE},
	Pages = {395--404},
	Title = {Learning and smoothed analysis},
	Year = {2009}}

@article{RevModPhys,
	Author = {Brush, S.},
	Date-Added = {2014-11-19 16:34:16 +0000},
	Date-Modified = {2014-11-19 16:36:48 +0000},
	Journal = {Rev. Mod. Phys.},
	Month = {Oct},
	Number = {4},
	Pages = {883--893},
	Publisher = {American Physical Society},
	Title = {{History of the Lenz-Ising Model}},
	Volume = {39},
	Year = {{1967}}}

@article{ising1925beitrag,
	Author = {Ising, E.},
	Date-Added = {2014-11-19 16:31:44 +0000},
	Date-Modified = {2014-11-22 00:57:06 +0000},
	Journal = {Zeitschrift f{\"u}r Physik A Hadrons and Nuclei},
	Number = {1},
	Pages = {253--258},
	Publisher = {Springer},
	Title = {Beitrag zur theorie des ferromagnetismus},
	Volume = {31},
	Year = {1925}}

@book{talagrand2011mean,
	Author = {Talagrand, M.},
	Date-Added = {2014-11-06 15:55:39 +0000},
	Date-Modified = {2014-11-07 19:17:34 +0000},
	Publisher = {Springer},
	Title = {Mean field models for spin glasses},
	Year = {2011}}

@inproceedings{valiant2012finding,
	Author = {Valiant, G.},
	Booktitle = {FOCS},
	Date-Added = {2014-11-06 02:20:09 +0000},
	Date-Modified = {2014-11-06 02:20:21 +0000},
	Pages = {11--20},
	Title = {Finding correlations in subquadratic time, with applications to learning parities and juntas},
	Year = {2012}}

@article{wu2013learning,
	Author = {Wu, R. and Srikant, R. and Ni, J.},
	Date-Added = {2014-11-05 21:27:57 +0000},
	Date-Modified = {2014-11-07 19:17:03 +0000},
	Journal = {Stochastic Systems},
	Number = {2},
	Pages = {362--404},
	Publisher = {INFORMS Applied Probability Society},
	Title = {Learning loosely connected Markov random fields},
	Volume = {3},
	Year = {2013}}

@article{ravikumar2011high,
	Author = {Ravikumar, P. and Wainwright, M. and Raskutti, G. and Yu, B.},
	Date-Added = {2014-11-05 21:22:24 +0000},
	Date-Modified = {2014-11-07 19:19:43 +0000},
	Journal = {Electronic Journal of Statistics},
	Pages = {935--980},
	Publisher = {Institute of Mathematical Statistics},
	Title = {High-dimensional covariance estimation by minimizing $\ell_1$-penalized log-determinant divergence},
	Volume = {5},
	Year = {2011}}

@article{negahban2012unified,
	Author = {Negahban, S. and Ravikumar, P. and Wainwright, M. and Yu, B.},
	Date-Added = {2014-11-03 22:56:53 +0000},
	Date-Modified = {2014-11-07 19:18:42 +0000},
	Journal = {Statistical Science},
	Number = {4},
	Pages = {538--557},
	Title = {A Unified Framework for High-Dimensional Analysis of {M}-Estimators with Decomposable Regularizers},
	Volume = {27},
	Year = {2012}}

@article{meinshausen2006high,
	Author = {Meinshausen, N. and B\"uhlmann, P.},
	Date-Added = {2014-11-03 20:33:58 +0000},
	Date-Modified = {2014-11-07 19:19:04 +0000},
	Journal = {The Annals of Statistics},
	Pages = {1436--1462},
	Publisher = {JSTOR},
	Title = {High-dimensional graphs and variable selection with the lasso},
	Year = {2006}}

@book{o2014analysis,
	Author = {O'Donnell, R.},
	Date-Added = {2014-11-03 19:29:48 +0000},
	Date-Modified = {2014-11-03 20:22:14 +0000},
	Publisher = {Cambridge University Press},
	Title = {Analysis of boolean functions},
	Year = {2014}}

@article{goldberg2003computational,
	Author = {Goldberg, L. and Jerrum, M. and Paterson, M.},
	Date-Added = {2014-11-03 17:27:38 +0000},
	Date-Modified = {2014-11-03 20:21:08 +0000},
	Journal = {Random Structures \& Algorithms},
	Number = {2},
	Pages = {133--154},
	Publisher = {Wiley Online Library},
	Title = {The computational complexity of two-state spin systems},
	Volume = {23},
	Year = {2003}}

@inproceedings{sinclair2013spatial,
	Author = {Sinclair, A. and Srivastava, P. and Yin, Y.},
	Booktitle = {Foundations of Computer Science (FOCS), 2013 IEEE 54th Annual Symposium on},
	Date-Added = {2014-11-03 17:24:40 +0000},
	Date-Modified = {2014-11-03 20:23:15 +0000},
	Organization = {IEEE},
	Pages = {300--309},
	Title = {Spatial mixing and approximation algorithms for graphs with bounded connective constant},
	Year = {2013}}

@article{sinclair2014approximation,
	Author = {Sinclair, A. and Srivastava, P. and Thurley, M.},
	Date-Added = {2014-11-03 17:23:35 +0000},
	Date-Modified = {2014-11-03 20:23:07 +0000},
	Journal = {Journal of Statistical Physics},
	Number = {4},
	Pages = {666--686},
	Publisher = {Springer},
	Title = {Approximation algorithms for two-state anti-ferromagnetic spin systems on bounded degree graphs},
	Volume = {155},
	Year = {2014}}

@book{lauritzen1996graphical,
	Author = {Lauritzen, S.},
	Date-Added = {2014-11-03 17:12:01 +0000},
	Date-Modified = {2014-11-03 20:21:58 +0000},
	Publisher = {Oxford University Press},
	Title = {Graphical models},
	Year = {1996}}

@book{cover2012elements,
	Author = {Cover, T. and Thomas, J.},
	Date-Added = {2014-11-03 07:59:03 +0000},
	Date-Modified = {2014-11-03 20:19:31 +0000},
	Publisher = {John Wiley \& Sons},
	Title = {Elements of information theory},
	Year = {2012}}

@article{klivans2013moment,
	Author = {Klivans, A. and Meka, R.},
	Date-Added = {2014-11-03 07:12:49 +0000},
	Date-Modified = {2014-11-03 20:21:48 +0000},
	Journal = {arXiv preprint arXiv:1301.0820},
	Title = {Moment-Matching Polynomials},
	Year = {2013}}

@inproceedings{kane2013learning,
	Author = {Kane, D. and Klivans, A. and Meka, R.},
	Booktitle = {Conference on Learning Theory},
	Date-Added = {2014-11-03 07:11:18 +0000},
	Date-Modified = {2014-11-03 20:21:34 +0000},
	Pages = {522--545},
	Title = {Learning halfspaces under log-concave densities: Polynomial approximations and moment matching},
	Year = {2013}}

@article{anandkumar2012highb,
	Author = {Anandkumar, A. and Tan, V. and Huang, F. and Willsky, A.},
	Date-Added = {2014-11-03 07:03:22 +0000},
	Date-Modified = {2014-11-03 20:18:15 +0000},
	Journal = {JMLR},
	Number = {1},
	Pages = {2293--2337},
	Publisher = {JMLR. org},
	Title = {High-dimensional {G}aussian graphical model selection: Walk summability and local separation criterion},
	Volume = {13},
	Year = {2012}}

@article{friedman2008sparse,
	Author = {Friedman, J. and Hastie, T. and Tibshirani, R.},
	Date-Added = {2014-11-03 07:02:31 +0000},
	Date-Modified = {2014-11-03 20:20:39 +0000},
	Journal = {Biostatistics},
	Number = {3},
	Pages = {432--441},
	Publisher = {Biometrika Trust},
	Title = {Sparse inverse covariance estimation with the graphical lasso},
	Volume = {9},
	Year = {2008}}

@article{anandkumar2012method,
	Author = {Anandkumar, A. and Hsu, D. and Kakade, S.},
	Date-Added = {2014-11-03 06:59:37 +0000},
	Date-Modified = {2014-11-03 06:59:58 +0000},
	Journal = {arXiv preprint arXiv:1203.0683},
	Title = {A method of moments for mixture models and hidden {M}arkov models},
	Year = {2012}}

@inproceedings{belkin2010polynomial,
	Author = {Belkin, M. and Sinha, K.},
	Booktitle = {FOCS},
	Date-Added = {2014-11-03 06:57:11 +0000},
	Date-Modified = {2014-11-03 06:57:25 +0000},
	Pages = {103--112},
	Title = {Polynomial learning of distribution families},
	Year = {2010}}

@inproceedings{moitra2010settling,
	Author = {Moitra, A. and Valiant, G.},
	Booktitle = {FOCS},
	Date-Added = {2014-11-03 06:56:21 +0000},
	Date-Modified = {2014-11-03 06:56:49 +0000},
	Pages = {93--102},
	Title = {Settling the polynomial learnability of mixtures of {G}aussians},
	Year = {2010}}

@article{Montanari2014,
	Adsnote = {Provided by the SAO/NASA Astrophysics Data System},
	Adsurl = {http://adsabs.harvard.edu/abs/2014arXiv1409.3821M},
	Archiveprefix = {arXiv},
	Author = {{Montanari}, A.},
	Date-Added = {2014-11-03 06:49:14 +0000},
	Date-Modified = {2014-11-03 06:49:14 +0000},
	Eprint = {1409.3821},
	Journal = {ArXiv e-prints},
	Keywords = {Statistics - Computation, Computer Science - Information Theory, Computer Science - Learning},
	Month = sep,
	Primaryclass = {stat.CO},
	Title = {{Computational Implications of Reducing Data to Sufficient Statistics}},
	Year = 2014}

@inproceedings{BGS14b,
	Author = {Bresler, G. and Gamarnik, D. and Shah, D.},
	Booktitle = {NIPS},
	Date-Added = {2014-11-03 06:48:53 +0000},
	Date-Modified = {2014-11-03 06:48:53 +0000},
	Howpublished = {NIPS},
	Title = {Hardness of parameter estimation in graphical models},
	Year = {2014}}

@misc{russ2014learning,
	Author = {Russo, D. and Van Roy, B.},
	Date-Added = {2014-11-02 17:22:11 +0000},
	Date-Modified = {2014-11-02 17:23:01 +0000},
	Howpublished = {arXiv preprint arXiv:1403.5556},
	Title = {Learning to Optimize Via Information Directed Sampling},
	Year = {2014}}

@article{martinelli1994approach,
	Author = {Martinelli, F. and Olivieri, E.},
	Date-Added = {2014-11-02 03:39:27 +0000},
	Date-Modified = {2014-11-02 05:37:54 +0000},
	Journal = {Comm. in Mathematical Physics},
	Number = {3},
	Pages = {447--486},
	Publisher = {Springer},
	Title = {Approach to equilibrium of {G}lauber dynamics in the one phase region},
	Volume = {161},
	Year = {1994}}

@article{dyer2004mixing,
	Author = {Dyer, M. and Sinclair, A. and Vigoda, E. and Weitz, D.},
	Date-Added = {2014-11-02 03:39:19 +0000},
	Date-Modified = {2014-11-02 05:36:28 +0000},
	Journal = {Random Structures \& Algorithms},
	Number = {4},
	Pages = {461--479},
	Publisher = {Wiley Online Library},
	Title = {Mixing in time and space for lattice spin systems: A combinatorial view},
	Volume = {24},
	Year = {2004}}

@article{stroock1992logarithmic,
	Author = {Stroock, D. and Zegarlinski, B.},
	Date-Added = {2014-11-02 03:39:11 +0000},
	Date-Modified = {2014-11-02 05:39:48 +0000},
	Journal = {Comm. in Mathematical Physics},
	Number = {1},
	Pages = {175--193},
	Publisher = {Springer},
	Title = {The logarithmic {S}obolev inequality for discrete spin systems on a lattice},
	Volume = {149},
	Year = {1992}}

@inproceedings{lee2006efficient,
	Author = {Lee, S. and Ganapathi, V. and Koller, D.},
	Booktitle = {NIPS},
	Date-Added = {2014-11-02 03:38:31 +0000},
	Date-Modified = {2014-11-02 05:37:45 +0000},
	Pages = {817--824},
	Title = {Efficient Structure Learning of {M}arkov Networks using $\ell_1 $-Regularization},
	Year = {2006},
	Bdsk-File-1 = {YnBsaXN0MDDUAQIDBAUGJCVYJHZlcnNpb25YJG9iamVjdHNZJGFyY2hpdmVyVCR0b3ASAAGGoKgHCBMUFRYaIVUkbnVsbNMJCgsMDxJXTlMua2V5c1pOUy5vYmplY3RzViRjbGFzc6INDoACgAOiEBGABIAFgAdccmVsYXRpdmVQYXRoWWFsaWFzRGF0YV8QLC4uLy4uLy4uLy4uLy4uLy4uL0Rvd25sb2Fkcy9OSVBTMjAwNl84NDkucGRm0hcLGBlXTlMuZGF0YU8RAYwAAAAAAYwAAgAADE1hY2ludG9zaCBIRAAAAAAAAAAAAAAAAAAAAM3IwOpIKwAAAAXA1hBOSVBTMjAwNl84NDkucGRmAAAAAAAAAAAAAAAAAAAAAAAAAAAAAAAAAAAAAAAAAAAAAAAAAAAAAAAAAAAAAAAAc8UIz7buAwAAAAAAAAAAAAYAAgAACSAAAAAAAAAAAAAAAAAAAAAJRG93bmxvYWRzAAAQAAgAAM3I+SoAAAARAAgAAM+3JkMAAAABAAwABcDWAAXA0wACEikAAgA5TWFjaW50b3NoIEhEOlVzZXJzOgBnYnJlc2xlcjoARG93bmxvYWRzOgBOSVBTMjAwNl84NDkucGRmAAAOACIAEABOAEkAUABTADIAMAAwADYAXwA4ADQAOQAuAHAAZABmAA8AGgAMAE0AYQBjAGkAbgB0AG8AcwBoACAASABEABIAKVVzZXJzL2dicmVzbGVyL0Rvd25sb2Fkcy9OSVBTMjAwNl84NDkucGRmAAATAAEvAAAVAAIAD///AACABtIbHB0eWiRjbGFzc25hbWVYJGNsYXNzZXNdTlNNdXRhYmxlRGF0YaMdHyBWTlNEYXRhWE5TT2JqZWN00hscIiNcTlNEaWN0aW9uYXJ5oiIgXxAPTlNLZXllZEFyY2hpdmVy0SYnVHJvb3SAAQAIABEAGgAjAC0AMgA3AEAARgBNAFUAYABnAGoAbABuAHEAcwB1AHcAhACOAL0AwgDKAloCXAJhAmwCdQKDAocCjgKXApwCqQKsAr4CwQLGAAAAAAAAAgEAAAAAAAAAKAAAAAAAAAAAAAAAAAAAAsg=}}

@article{salas1997absence,
	Author = {Salas, S. and Sokal, A.},
	Date-Added = {2014-11-02 03:37:19 +0000},
	Date-Modified = {2014-11-03 20:22:54 +0000},
	Journal = {Journal of Statistical Physics},
	Number = {3-4},
	Pages = {551--579},
	Publisher = {Springer},
	Title = {Absence of phase transition for antiferromagnetic {P}otts models via the {D}obrushin uniqueness theorem},
	Volume = {86},
	Year = {1997}}

@incollection{dobrushin1985constructive,
	Author = {Dobrushin, R. and Shlosman, S.},
	Booktitle = {Statistical physics and dynamical systems},
	Date-Added = {2014-11-02 03:36:59 +0000},
	Date-Modified = {2014-11-02 05:36:03 +0000},
	Pages = {347--370},
	Publisher = {Springer},
	Title = {Constructive criterion for the uniqueness of {G}ibbs field},
	Year = {1985}}

@article{dobrushin1970prescribing,
	Author = {Dobrushin, R.},
	Date-Added = {2014-11-02 03:36:59 +0000},
	Date-Modified = {2014-11-03 20:20:06 +0000},
	Journal = {Theory of Probability \& Its Applications},
	Number = {3},
	Pages = {458--486},
	Publisher = {SIAM},
	Title = {Prescribing a system of random variables by conditional distributions},
	Volume = {15},
	Year = {1970}}

@article{gamarnikcorrelation,
	Author = {Gamarnik, D.},
	Date-Added = {2014-11-02 03:36:29 +0000},
	Date-Modified = {2014-11-02 05:34:11 +0000},
	Journal = {Tutorials in Operations Research, INFORMS},
	Title = {Correlation Decay Method for Decision, Optimization, and Inference in Large-Scale Networks},
	Year = {2013}}

@inproceedings{BGS14a,
	Author = {Bresler, G. and Gamarnik, D. and Shah, D.},
	Booktitle = {NIPS},
	Date-Added = {2014-11-02 03:35:46 +0000},
	Date-Modified = {2014-11-02 05:43:09 +0000},
	Howpublished = {NIPS},
	Title = {Structure learning of antiferromagnetic {I}sing models},
	Year = {2014}}

@inproceedings{anandkumar2012learningB,
	Author = {Anandkumar, A. and Huang, F. and Hsu, D. and Kakade, S.},
	Booktitle = {NIPS},
	Date-Added = {2014-11-02 03:34:23 +0000},
	Date-Modified = {2014-11-02 05:39:03 +0000},
	Title = {Learning mixtures of tree graphical models},
	Year = {2012}}

@inproceedings{srebro2001maximum,
	Author = {Srebro, N.},
	Booktitle = {UAI},
	Date-Added = {2014-11-02 03:34:10 +0000},
	Date-Modified = {2014-11-02 05:39:29 +0000},
	Title = {Maximum likelihood bounded tree-width {M}arkov networks},
	Year = {2001}}

@inproceedings{dasgupta1999learning,
	Author = {Dasgupta, S.},
	Booktitle = {UAI},
	Date-Added = {2014-11-02 03:33:59 +0000},
	Date-Modified = {2014-11-02 05:35:49 +0000},
	Title = {Learning polytrees},
	Year = {1999}}

@article{chow1968approximating,
	Author = {Chow, C. and Liu, C.},
	Date-Added = {2014-11-02 03:33:45 +0000},
	Date-Modified = {2014-11-19 16:37:40 +0000},
	Journal = {IEEE Trans. on Info. Theory},
	Number = {3},
	Pages = {462--467},
	Publisher = {IEEE},
	Title = {Approximating discrete probability distributions with dependence trees},
	Volume = {14},
	Year = {1968}}

@article{csiszar2006consistent,
	Author = {Csisz{\'a}r, I. and Talata, Z.},
	Date-Added = {2014-11-02 03:33:31 +0000},
	Date-Modified = {2014-11-03 20:19:55 +0000},
	Journal = {Annals of Stat.},
	Pages = {123--145},
	Publisher = {JSTOR},
	Title = {Consistent estimation of the basic neighborhood of {M}arkov random fields},
	Year = {2006}}

@article{abbeel2006learning,
	Author = {Abbeel, P. and Koller, D. and Ng, A.},
	Date-Added = {2014-11-02 03:32:45 +0000},
	Date-Modified = {2014-11-02 05:38:44 +0000},
	Journal = {JMLR},
	Publisher = {JMLR. org},
	Title = {Learning factor graphs in polynomial time and sample complexity},
	Year = {2006}}

@article{erdos1945lemma,
	Author = {Erd{\"o}s, P.},
	Date-Added = {2014-10-31 04:59:59 +0000},
	Date-Modified = {2014-11-02 05:36:45 +0000},
	Journal = {Bulletin of the American Mathematical Society},
	Number = {12},
	Pages = {898--902},
	Title = {On a lemma of {L}ittlewood and {O}fford},
	Volume = {51},
	Year = {1945}}

@book{tao2006additive,
	Author = {Tao, T. and Vu, V.},
	Date-Added = {2014-10-31 04:16:46 +0000},
	Date-Modified = {2014-11-02 05:40:04 +0000},
	Publisher = {Cambridge University Press},
	Title = {Additive combinatorics},
	Volume = {105},
	Year = {2006}}

@url{TaoLovasz,
	Author = {T. Tao},
	Date-Added = {2014-10-27 20:22:31 +0000},
	Date-Modified = {2014-11-02 05:40:17 +0000},
	Note = {http://terrytao.wordpress.com/2009/08/05/mosers-entropy-compression-argument/},
	Title = {Moser's entropy compression argument}}

@inproceedings{moser2009constructive,
	Author = {Moser, R.},
	Booktitle = {STOC},
	Date-Added = {2014-10-27 20:21:27 +0000},
	Date-Modified = {2014-11-02 06:04:46 +0000},
	Title = {A constructive proof of the {L}ov\'asz Local Lemma},
	Year = {2009}}

@inproceedings{ziegler2000lectures,
	Author = {Ziegler, G{\"u}nter M},
	Booktitle = {Polytopes---combinatorics and computation},
	Date-Added = {2014-04-22 00:08:00 +0000},
	Date-Modified = {2014-04-22 00:08:00 +0000},
	Organization = {Springer},
	Pages = {1--41},
	Title = {Lectures on 0/1-polytopes},
	Year = {2000}}

@inproceedings{roughgarden2013marginals,
	Author = {Roughgarden, Tim and Kearns, Michael},
	Booktitle = {Advances in Neural Information Processing Systems},
	Date-Added = {2014-04-21 23:33:49 +0000},
	Date-Modified = {2014-04-21 23:33:49 +0000},
	Pages = {1043--1051},
	Title = {Marginals-to-Models Reducibility},
	Year = {2013}}

@inproceedings{yang2011use,
	Author = {Yang, Eunho and Ravikumar, Pradeep K},
	Booktitle = {Proceedings of the 28th International Conference on Machine Learning (ICML-11)},
	Date-Added = {2014-04-21 22:53:01 +0000},
	Date-Modified = {2014-04-21 22:53:01 +0000},
	Pages = {1009--1016},
	Title = {On the Use of Variational Inference for Learning Discrete Graphical Model},
	Year = {2011}}

@article{shah2011hardness,
	Author = {Shah, Devavrat and Tse, David NC and Tsitsiklis, John N},
	Date-Added = {2014-04-18 23:44:56 +0000},
	Date-Modified = {2014-04-18 23:44:56 +0000},
	Journal = {Information Theory, IEEE Transactions on},
	Number = {12},
	Pages = {7810--7817},
	Publisher = {IEEE},
	Title = {Hardness of low delay network scheduling},
	Volume = {57},
	Year = {2011}}

@book{borwein2010convex,
	Author = {Borwein, Jonathan M and Vanderwerff, Jon D},
	Date-Added = {2014-04-18 01:09:08 +0000},
	Date-Modified = {2014-04-18 01:09:08 +0000},
	Number = {109},
	Publisher = {Cambridge University Press},
	Title = {Convex functions: constructions, characterizations and counterexamples},
	Year = {2010}}

@article{KST09,
	Acmid = {2343703},
	Author = {Kakade, Sham M. and Shalev-Shwartz, Shai and Tewari, Ambuj},
	Date-Added = {2014-04-18 01:08:05 +0000},
	Date-Modified = {2014-04-18 01:09:47 +0000},
	Issn = {1532-4435},
	Issue_Date = {3/1/2012},
	Journal = {J. Mach. Learn. Res.},
	Keywords = {generalization bounds, multi-class learning, multi-task learning, multiple kernel learning, regret bounds, regularization, strong convexity},
	Month = jun,
	Numpages = {26},
	Pages = {1865--1890},
	Publisher = {JMLR.org},
	Title = {Regularization Techniques for Learning with Matrices},
	Url = {http://dl.acm.org/citation.cfm?id=2188385.2343703},
	Volume = {13},
	Year = {2012},
	Bdsk-Url-1 = {http://dl.acm.org/citation.cfm?id=2188385.2343703}}

@book{rockafellar1997convex,
	Author = {Rockafellar, R Tyrrell},
	Date-Added = {2014-04-14 20:03:49 +0000},
	Date-Modified = {2014-04-14 20:03:49 +0000},
	Publisher = {Princeton university press},
	Title = {Convex analysis},
	Volume = {28},
	Year = {1997}}

@article{JWSS,
	Author = {Jiang, Libin and Shah, Devavrat and Shin, Jinwoo and Walrand, Jean},
	Date-Modified = {2013-05-31 22:27:05 +0000},
	Journal = {IEEE Trans. on Info. Theory},
	Number = {12},
	Pages = {6182--6207},
	Publisher = {IEEE},
	Title = {Distributed random access algorithm: scheduling and congestion control},
	Volume = {56},
	Year = {2010}}

@inproceedings{GJ,
	Author = {Jaakkola, Amir Globerson Tommi},
	Booktitle = {NIPS},
	Date-Modified = {2013-05-31 22:27:50 +0000},
	Organization = {The MIT Press},
	Pages = {473},
	Title = {Approximate inference using planar graph decomposition},
	Volume = {19},
	Year = {2007}}

@article{JKS,
	Author = {Jung, Kyomin and Kohli, Pushmeet and Shah, Devavrat},
	Journal = {Advances in Neural Information Processing Systems},
	Pages = {871--879},
	Title = {Local rules for global MAP: When do they work},
	Volume = {22},
	Year = {2009}}

@book{GeorgyGibbsMeasure,
	Author = {Georgii, H. O.},
	Publisher = {de Gruyter Studies in Mathematics 9, Walter de Gruyter \& Co., Berlin},
	Title = {Gibbs measures and phase transitions},
	Year = {1988}}

@book{SimonLatticeGases,
	Author = {Simon, B.},
	Publisher = {Princeton Series in Physics, Princeton University Press, Princeton, NJ},
	Title = {The statistical mechanics of lattice gases, {V}ol. {I}},
	Year = {1993}}

@inproceedings{JS,
	Author = {Jung, Kyomin and Shah, Devavrat},
	Booktitle = {NIPS},
	Date-Modified = {2013-05-31 22:23:47 +0000},
	Title = {Local algorithms for approximate inference in minor-excluded graphs},
	Year = {2007}}

@inproceedings{KPR,
	Author = {Klein, Philip and Plotkin, Serge A and Rao, Satish},
	Booktitle = {STOC},
	Date-Modified = {2013-05-31 22:24:42 +0000},
	Organization = {ACM},
	Pages = {682--690},
	Title = {Excluded minors, network decomposition, and multicommodity flow},
	Year = {1993}}

@inproceedings{Weitz,
	Author = {Weitz, D.},
	Booktitle = {STOC},
	Date-Modified = {2014-11-02 17:11:43 +0000},
	Title = {Counting independent sets up to the tree threshold},
	Year = {2006}}

@inproceedings{GamKatz,
	Author = {Gamarnik, D. and Katz, D.},
	Booktitle = {SODA},
	Date-Modified = {2014-11-02 05:34:00 +0000},
	Pages = {1245--1254},
	Title = {Correlation decay and deterministic FPTAS for counting list-colorings of a graph},
	Year = {2007}}

@book{Pearl,
	Author = {Pearl, Judea},
	Publisher = {Morgan Kaufmann Pub},
	Title = {Probabilistic Reasoning in Intelligent Systems: Networks of Plausble Inference},
	Year = {1988}}

@book{papadimitriou2003computational,
	Author = {Papadimitriou, Christos H},
	Date-Added = {2013-05-30 19:02:42 +0000},
	Date-Modified = {2013-05-30 19:02:42 +0000},
	Publisher = {John Wiley and Sons Ltd.},
	Title = {Computational complexity},
	Year = {2003}}

@book{deza1997geometry,
	Author = {Deza, M. and Laurent, M.},
	Date-Added = {2013-05-26 23:01:08 +0000},
	Date-Modified = {2013-05-30 18:44:45 +0000},
	Publisher = {Springer},
	Title = {Geometry of cuts and metrics},
	Year = {1997}}

@article{galanis2012inapproximability,
	Author = {Galanis, A. and Stefankovic, D. and Vigoda, E.},
	Date-Added = {2013-05-26 21:15:20 +0000},
	Date-Modified = {2013-05-30 18:47:01 +0000},
	Journal = {arXiv preprint arXiv:1203.2226},
	Title = {Inapproximability of the partition function for the antiferromagnetic {I}sing and hard-core models},
	Year = {2012},
	Bdsk-File-1 = {YnBsaXN0MDDUAQIDBAUGJCVYJHZlcnNpb25YJG9iamVjdHNZJGFyY2hpdmVyVCR0b3ASAAGGoKgHCBMUFRYaIVUkbnVsbNMJCgsMDxJXTlMua2V5c1pOUy5vYmplY3RzViRjbGFzc6INDoACgAOiEBGABIAFgAdccmVsYXRpdmVQYXRoWWFsaWFzRGF0YV8QMC4uLy4uLy4uLy4uLy4uLy4uL0RvY3VtZW50cy9QYXBlcnMvMTIwMy4yMjI2LnBkZtIXCxgZV05TLmRhdGFPEQGOAAAAAAGOAAIAAAxNYWNpbnRvc2ggSEQAAAAAAAAAAAAAAAAAAADJ5xy0SCsAAANbCb8NMTIwMy4yMjI2LnBkZgAAAAAAAAAAAAAAAAAAAAAAAAAAAAAAAAAAAAAAAAAAAAAAAAAAAAAAAAAAAAAAAAAAA5w6Xc3HyW0AAAAAAAAAAAAGAAMAAAkgAAAAAAAAAAAAAAAAAAAABlBhcGVycwAQAAgAAMnnfyQAAAARAAgAAM3IK90AAAABABADWwm/AAh7gwAIe3YAAJigAAIAPk1hY2ludG9zaCBIRDpVc2VyczoAZ2JyZXNsZXI6AERvY3VtZW50czoAUGFwZXJzOgAxMjAzLjIyMjYucGRmAA4AHAANADEAMgAwADMALgAyADIAMgA2AC4AcABkAGYADwAaAAwATQBhAGMAaQBuAHQAbwBzAGgAIABIAEQAEgAtVXNlcnMvZ2JyZXNsZXIvRG9jdW1lbnRzL1BhcGVycy8xMjAzLjIyMjYucGRmAAATAAEvAAAVAAIAD///AACABtIbHB0eWiRjbGFzc25hbWVYJGNsYXNzZXNdTlNNdXRhYmxlRGF0YaMdHyBWTlNEYXRhWE5TT2JqZWN00hscIiNcTlNEaWN0aW9uYXJ5oiIgXxAPTlNLZXllZEFyY2hpdmVy0SYnVHJvb3SAAQAIABEAGgAjAC0AMgA3AEAARgBNAFUAYABnAGoAbABuAHEAcwB1AHcAhACOAMEAxgDOAmACYgJnAnICewKJAo0ClAKdAqICrwKyAsQCxwLMAAAAAAAAAgEAAAAAAAAAKAAAAAAAAAAAAAAAAAAAAs4=}}

@inproceedings{sly2010computational,
	Author = {Sly, A.},
	Booktitle = {FOCS},
	Date-Added = {2013-05-26 21:14:09 +0000},
	Date-Modified = {2013-05-30 18:46:22 +0000},
	Pages = {287--296},
	Title = {Computational transition at the uniqueness threshold},
	Year = {2010},
	Bdsk-File-1 = {YnBsaXN0MDDUAQIDBAUGJCVYJHZlcnNpb25YJG9iamVjdHNZJGFyY2hpdmVyVCR0b3ASAAGGoKgHCBMUFRYaIVUkbnVsbNMJCgsMDxJXTlMua2V5c1pOUy5vYmplY3RzViRjbGFzc6INDoACgAOiEBGABIAFgAdccmVsYXRpdmVQYXRoWWFsaWFzRGF0YV8QMC4uLy4uLy4uLy4uLy4uLy4uL0RvY3VtZW50cy9QYXBlcnMvMTAwNS41NTg0LnBkZtIXCxgZV05TLmRhdGFPEQGOAAAAAAGOAAIAAAxNYWNpbnRvc2ggSEQAAAAAAAAAAAAAAAAAAADJ5xy0SCsAAANbCb8NMTAwNS41NTg0LnBkZgAAAAAAAAAAAAAAAAAAAAAAAAAAAAAAAAAAAAAAAAAAAAAAAAAAAAAAAAAAAAAAAAAAA5w53M3HySkAAAAAAAAAAAAGAAMAAAkgAAAAAAAAAAAAAAAAAAAABlBhcGVycwAQAAgAAMnnfyQAAAARAAgAAM3IK5kAAAABABADWwm/AAh7gwAIe3YAAJigAAIAPk1hY2ludG9zaCBIRDpVc2VyczoAZ2JyZXNsZXI6AERvY3VtZW50czoAUGFwZXJzOgAxMDA1LjU1ODQucGRmAA4AHAANADEAMAAwADUALgA1ADUAOAA0AC4AcABkAGYADwAaAAwATQBhAGMAaQBuAHQAbwBzAGgAIABIAEQAEgAtVXNlcnMvZ2JyZXNsZXIvRG9jdW1lbnRzL1BhcGVycy8xMDA1LjU1ODQucGRmAAATAAEvAAAVAAIAD///AACABtIbHB0eWiRjbGFzc25hbWVYJGNsYXNzZXNdTlNNdXRhYmxlRGF0YaMdHyBWTlNEYXRhWE5TT2JqZWN00hscIiNcTlNEaWN0aW9uYXJ5oiIgXxAPTlNLZXllZEFyY2hpdmVy0SYnVHJvb3SAAQAIABEAGgAjAC0AMgA3AEAARgBNAFUAYABnAGoAbABuAHEAcwB1AHcAhACOAMEAxgDOAmACYgJnAnICewKJAo0ClAKdAqICrwKyAsQCxwLMAAAAAAAAAgEAAAAAAAAAKAAAAAAAAAAAAAAAAAAAAs4=}}

@article{dyer2002counting,
	Author = {Dyer, M. and Frieze, A. and Jerrum, M.},
	Date-Added = {2013-05-26 21:12:57 +0000},
	Date-Modified = {2013-05-30 18:45:00 +0000},
	Journal = {SIAM Journal on Computing},
	Number = {5},
	Pages = {1527--1541},
	Publisher = {SIAM},
	Title = {On counting independent sets in sparse graphs},
	Volume = {31},
	Year = {2002},
	Bdsk-File-1 = {YnBsaXN0MDDUAQIDBAUGJCVYJHZlcnNpb25YJG9iamVjdHNZJGFyY2hpdmVyVCR0b3ASAAGGoKgHCBMUFRYaIVUkbnVsbNMJCgsMDxJXTlMua2V5c1pOUy5vYmplY3RzViRjbGFzc6INDoACgAOiEBGABIAFgAdccmVsYXRpdmVQYXRoWWFsaWFzRGF0YV8QVC4uLy4uLy4uLy4uLy4uLy4uL0RvY3VtZW50cy9QYXBlcnMvb25fY291bnRpbmdfaW5kZXBlbmRlbnRfc2V0c19pbl9zcGFyc2VfZ3JhcGhzLnBkZtIXCxgZV05TLmRhdGFPEQIMAAAAAAIMAAIAAAxNYWNpbnRvc2ggSEQAAAAAAAAAAAAAAAAAAADJ5xy0SCsAAANbCb8fb25fY291bnRpbmdfaW5kZXBlbiMzOUMzOUFCLnBkZgAAAAAAAAAAAAAAAAAAAAAAAAAAAAAAAAAAAAAAAAAAA5w5q83HyOEAAAAAAAAAAAAGAAMAAAkgAAAAAAAAAAAAAAAAAAAABlBhcGVycwAQAAgAAMnnfyQAAAARAAgAAM3IK1EAAAABABADWwm/AAh7gwAIe3YAAJigAAIAUE1hY2ludG9zaCBIRDpVc2VyczoAZ2JyZXNsZXI6AERvY3VtZW50czoAUGFwZXJzOgBvbl9jb3VudGluZ19pbmRlcGVuIzM5QzM5QUIucGRmAA4AZAAxAG8AbgBfAGMAbwB1AG4AdABpAG4AZwBfAGkAbgBkAGUAcABlAG4AZABlAG4AdABfAHMAZQB0AHMAXwBpAG4AXwBzAHAAYQByAHMAZQBfAGcAcgBhAHAAaABzAC4AcABkAGYADwAaAAwATQBhAGMAaQBuAHQAbwBzAGgAIABIAEQAEgBRVXNlcnMvZ2JyZXNsZXIvRG9jdW1lbnRzL1BhcGVycy9vbl9jb3VudGluZ19pbmRlcGVuZGVudF9zZXRzX2luX3NwYXJzZV9ncmFwaHMucGRmAAATAAEvAAAVAAIAD///AACABtIbHB0eWiRjbGFzc25hbWVYJGNsYXNzZXNdTlNNdXRhYmxlRGF0YaMdHyBWTlNEYXRhWE5TT2JqZWN00hscIiNcTlNEaWN0aW9uYXJ5oiIgXxAPTlNLZXllZEFyY2hpdmVy0SYnVHJvb3SAAQAIABEAGgAjAC0AMgA3AEAARgBNAFUAYABnAGoAbABuAHEAcwB1AHcAhACOAOUA6gDyAwIDBAMJAxQDHQMrAy8DNgM/A0QDUQNUA2YDaQNuAAAAAAAAAgEAAAAAAAAAKAAAAAAAAAAAAAAAAAAAA3A=}}

@article{luby1999fast,
	Author = {Luby, M. and Vigoda, E.},
	Date-Added = {2013-05-26 21:11:49 +0000},
	Date-Modified = {2013-05-30 18:45:35 +0000},
	Journal = {Random Structures and Algorithms},
	Number = {3-4},
	Pages = {229--241},
	Publisher = {Wiley Online Library},
	Title = {Fast convergence of the Glauber dynamics for sampling independent sets},
	Volume = {15},
	Year = {1999},
	Bdsk-File-1 = {YnBsaXN0MDDUAQIDBAUGJCVYJHZlcnNpb25YJG9iamVjdHNZJGFyY2hpdmVyVCR0b3ASAAGGoKgHCBMUFRYaIVUkbnVsbNMJCgsMDxJXTlMua2V5c1pOUy5vYmplY3RzViRjbGFzc6INDoACgAOiEBGABIAFgAdccmVsYXRpdmVQYXRoWWFsaWFzRGF0YV8QOS4uLy4uLy4uLy4uLy4uLy4uL0RvY3VtZW50cy9QYXBlcnMvZDkxMmY1MGYxYTA2MGJmZWRlLnBkZtIXCxgZV05TLmRhdGFPEQGyAAAAAAGyAAIAAAxNYWNpbnRvc2ggSEQAAAAAAAAAAAAAAAAAAADJ5xy0SCsAAANbCb8WZDkxMmY1MGYxYTA2MGJmZWRlLnBkZgAAAAAAAAAAAAAAAAAAAAAAAAAAAAAAAAAAAAAAAAAAAAAAAAAAAAAAA5w5eM3HyI8AAAAAAAAAAAAGAAMAAAkgAAAAAAAAAAAAAAAAAAAABlBhcGVycwAQAAgAAMnnfyQAAAARAAgAAM3IKv8AAAABABADWwm/AAh7gwAIe3YAAJigAAIAR01hY2ludG9zaCBIRDpVc2VyczoAZ2JyZXNsZXI6AERvY3VtZW50czoAUGFwZXJzOgBkOTEyZjUwZjFhMDYwYmZlZGUucGRmAAAOAC4AFgBkADkAMQAyAGYANQAwAGYAMQBhADAANgAwAGIAZgBlAGQAZQAuAHAAZABmAA8AGgAMAE0AYQBjAGkAbgB0AG8AcwBoACAASABEABIANlVzZXJzL2dicmVzbGVyL0RvY3VtZW50cy9QYXBlcnMvZDkxMmY1MGYxYTA2MGJmZWRlLnBkZgATAAEvAAAVAAIAD///AACABtIbHB0eWiRjbGFzc25hbWVYJGNsYXNzZXNdTlNNdXRhYmxlRGF0YaMdHyBWTlNEYXRhWE5TT2JqZWN00hscIiNcTlNEaWN0aW9uYXJ5oiIgXxAPTlNLZXllZEFyY2hpdmVy0SYnVHJvb3SAAQAIABEAGgAjAC0AMgA3AEAARgBNAFUAYABnAGoAbABuAHEAcwB1AHcAhACOAMoAzwDXAo0CjwKUAp8CqAK2AroCwQLKAs8C3ALfAvEC9AL5AAAAAAAAAgEAAAAAAAAAKAAAAAAAAAAAAAAAAAAAAvs=}}

@article{jerrum1993polynomial,
	Author = {Jerrum, M. and Sinclair, A.},
	Date-Added = {2013-05-26 21:08:35 +0000},
	Date-Modified = {2013-05-30 18:44:24 +0000},
	Journal = {SIAM Journal on computing},
	Number = {5},
	Pages = {1087--1116},
	Publisher = {SIAM},
	Title = {Polynomial-time approximation algorithms for the {I}sing model},
	Volume = {22},
	Year = {1993},
	Bdsk-File-1 = {YnBsaXN0MDDUAQIDBAUGJCVYJHZlcnNpb25YJG9iamVjdHNZJGFyY2hpdmVyVCR0b3ASAAGGoKgHCBMUFRYaIVUkbnVsbNMJCgsMDxJXTlMua2V5c1pOUy5vYmplY3RzViRjbGFzc6INDoACgAOiEBGABIAFgAdccmVsYXRpdmVQYXRoWWFsaWFzRGF0YV8QMC4uLy4uLy4uLy4uLy4uLy4uL0RvY3VtZW50cy9QYXBlcnMvaXNpbmcgKDEpLnBkZtIXCxgZV05TLmRhdGFPEQGOAAAAAAGOAAIAAAxNYWNpbnRvc2ggSEQAAAAAAAAAAAAAAAAAAADJ5xy0SCsAAANbCb8NaXNpbmcgKDEpLnBkZgAAAAAAAAAAAAAAAAAAAAAAAAAAAAAAAAAAAAAAAAAAAAAAAAAAAAAAAAAAAAAAAAAAA5v6Jc3GrPEAAAAAAAAAAAAGAAMAAAkgAAAAAAAAAAAAAAAAAAAABlBhcGVycwAQAAgAAMnnfyQAAAARAAgAAM3HD2EAAAABABADWwm/AAh7gwAIe3YAAJigAAIAPk1hY2ludG9zaCBIRDpVc2VyczoAZ2JyZXNsZXI6AERvY3VtZW50czoAUGFwZXJzOgBpc2luZyAoMSkucGRmAA4AHAANAGkAcwBpAG4AZwAgACgAMQApAC4AcABkAGYADwAaAAwATQBhAGMAaQBuAHQAbwBzAGgAIABIAEQAEgAtVXNlcnMvZ2JyZXNsZXIvRG9jdW1lbnRzL1BhcGVycy9pc2luZyAoMSkucGRmAAATAAEvAAAVAAIAD///AACABtIbHB0eWiRjbGFzc25hbWVYJGNsYXNzZXNdTlNNdXRhYmxlRGF0YaMdHyBWTlNEYXRhWE5TT2JqZWN00hscIiNcTlNEaWN0aW9uYXJ5oiIgXxAPTlNLZXllZEFyY2hpdmVy0SYnVHJvb3SAAQAIABEAGgAjAC0AMgA3AEAARgBNAFUAYABnAGoAbABuAHEAcwB1AHcAhACOAMEAxgDOAmACYgJnAnICewKJAo0ClAKdAqICrwKyAsQCxwLMAAAAAAAAAgEAAAAAAAAAKAAAAAAAAAAAAAAAAAAAAs4=}}

@article{jaeger1990computational,
	Author = {Jaeger, F. and Vertigan, D. and Welsh, D.},
	Date-Added = {2013-05-26 21:07:18 +0000},
	Date-Modified = {2013-05-26 21:17:33 +0000},
	Journal = {Math. Proc. Cambridge Philos. Soc},
	Number = {1},
	Pages = {35--53},
	Publisher = {Cambridge Univ Press},
	Title = {On the computational complexity of the Jones and Tutte polynomials},
	Volume = {108},
	Year = {1990}}

@article{barahona1982computational,
	Author = {Barahona, Francisco},
	Date-Added = {2013-05-26 21:06:05 +0000},
	Date-Modified = {2013-05-26 21:06:05 +0000},
	Journal = {Journal of Physics A: Mathematical and General},
	Number = {10},
	Pages = {3241},
	Publisher = {IOP Publishing},
	Title = {On the computational complexity of Ising spin glass models},
	Volume = {15},
	Year = {1982},
	Bdsk-File-1 = {YnBsaXN0MDDUAQIDBAUGJCVYJHZlcnNpb25YJG9iamVjdHNZJGFyY2hpdmVyVCR0b3ASAAGGoKgHCBMUFRYaIVUkbnVsbNMJCgsMDxJXTlMua2V5c1pOUy5vYmplY3RzViRjbGFzc6INDoACgAOiEBGABIAFgAdccmVsYXRpdmVQYXRoWWFsaWFzRGF0YV8QMi4uLy4uLy4uLy4uLy4uLy4uL0RvY3VtZW50cy9QYXBlcnMvYmFyYWhvbmEtb24ucGRm0hcLGBlXTlMuZGF0YU8RAZYAAAAAAZYAAgAADE1hY2ludG9zaCBIRAAAAAAAAAAAAAAAAAAAAMnnHLRIKwAAA1sJvw9iYXJhaG9uYS1vbi5wZGYAAAAAAAAAAAAAAAAAAAAAAAAAAAAAAAAAAAAAAAAAAAAAAAAAAAAAAAAAAAAAAAADnDjSzcfHVwAAAAAAAAAAAAYAAwAACSAAAAAAAAAAAAAAAAAAAAAGUGFwZXJzABAACAAAyed/JAAAABEACAAAzcgpxwAAAAEAEANbCb8ACHuDAAh7dgAAmKAAAgBATWFjaW50b3NoIEhEOlVzZXJzOgBnYnJlc2xlcjoARG9jdW1lbnRzOgBQYXBlcnM6AGJhcmFob25hLW9uLnBkZgAOACAADwBiAGEAcgBhAGgAbwBuAGEALQBvAG4ALgBwAGQAZgAPABoADABNAGEAYwBpAG4AdABvAHMAaAAgAEgARAASAC9Vc2Vycy9nYnJlc2xlci9Eb2N1bWVudHMvUGFwZXJzL2JhcmFob25hLW9uLnBkZgAAEwABLwAAFQACAA///wAAgAbSGxwdHlokY2xhc3NuYW1lWCRjbGFzc2VzXU5TTXV0YWJsZURhdGGjHR8gVk5TRGF0YVhOU09iamVjdNIbHCIjXE5TRGljdGlvbmFyeaIiIF8QD05TS2V5ZWRBcmNoaXZlctEmJ1Ryb290gAEACAARABoAIwAtADIANwBAAEYATQBVAGAAZwBqAGwAbgBxAHMAdQB3AIQAjgDDAMgA0AJqAmwCcQJ8AoUCkwKXAp4CpwKsArkCvALOAtEC1gAAAAAAAAIBAAAAAAAAACgAAAAAAAAAAAAAAAAAAALY}}

@article{bertsimas2004solving,
	Author = {Bertsimas, Dimitris and Vempala, Santosh},
	Date-Added = {2013-05-26 03:30:26 +0000},
	Date-Modified = {2013-05-30 18:47:52 +0000},
	Journal = {Journal of the ACM},
	Number = {4},
	Pages = {540--556},
	Publisher = {ACM},
	Title = {Solving convex programs by random walks},
	Volume = {51},
	Year = {2004},
	Bdsk-File-1 = {YnBsaXN0MDDUAQIDBAUGJCVYJHZlcnNpb25YJG9iamVjdHNZJGFyY2hpdmVyVCR0b3ASAAGGoKgHCBMUFRYaIVUkbnVsbNMJCgsMDxJXTlMua2V5c1pOUy5vYmplY3RzViRjbGFzc6INDoACgAOiEBGABIAFgAdccmVsYXRpdmVQYXRoWWFsaWFzRGF0YV8QLy4uLy4uLy4uLy4uLy4uLy4uL0RvY3VtZW50cy9QYXBlcnMvYmVydHZlbXAucGRm0hcLGBlXTlMuZGF0YU8RAYoAAAAAAYoAAgAADE1hY2ludG9zaCBIRAAAAAAAAAAAAAAAAAAAAMnnHLRIKwAAA1sJvwxiZXJ0dmVtcC5wZGYAAAAAAAAAAAAAAAAAAAAAAAAAAAAAAAAAAAAAAAAAAAAAAAAAAAAAAAAAAAAAAAAAAAADnAirzcbP+AAAAAAAAAAAAAYAAwAACSAAAAAAAAAAAAAAAAAAAAAGUGFwZXJzABAACAAAyed/JAAAABEACAAAzccyaAAAAAEAEANbCb8ACHuDAAh7dgAAmKAAAgA9TWFjaW50b3NoIEhEOlVzZXJzOgBnYnJlc2xlcjoARG9jdW1lbnRzOgBQYXBlcnM6AGJlcnR2ZW1wLnBkZgAADgAaAAwAYgBlAHIAdAB2AGUAbQBwAC4AcABkAGYADwAaAAwATQBhAGMAaQBuAHQAbwBzAGgAIABIAEQAEgAsVXNlcnMvZ2JyZXNsZXIvRG9jdW1lbnRzL1BhcGVycy9iZXJ0dmVtcC5wZGYAEwABLwAAFQACAA///wAAgAbSGxwdHlokY2xhc3NuYW1lWCRjbGFzc2VzXU5TTXV0YWJsZURhdGGjHR8gVk5TRGF0YVhOU09iamVjdNIbHCIjXE5TRGljdGlvbmFyeaIiIF8QD05TS2V5ZWRBcmNoaXZlctEmJ1Ryb290gAEACAARABoAIwAtADIANwBAAEYATQBVAGAAZwBqAGwAbgBxAHMAdQB3AIQAjgDAAMUAzQJbAl0CYgJtAnYChAKIAo8CmAKdAqoCrQK/AsICxwAAAAAAAAIBAAAAAAAAACgAAAAAAAAAAAAAAAAAAALJ}}

@inproceedings{istrail2000statistical,
	Author = {Istrail, S.},
	Booktitle = {STOC},
	Date-Added = {2013-05-25 00:41:35 +0000},
	Date-Modified = {2013-05-30 18:44:06 +0000},
	Organization = {ACM},
	Pages = {87--96},
	Title = {Statistical mechanics, three-dimensionality and {NP}-completeness: I. Universality of intracatability for the partition function of the {I}sing model across non-planar surfaces},
	Year = {2000},
	Bdsk-File-1 = {YnBsaXN0MDDUAQIDBAUGJCVYJHZlcnNpb25YJG9iamVjdHNZJGFyY2hpdmVyVCR0b3ASAAGGoKgHCBMUFRYaIVUkbnVsbNMJCgsMDxJXTlMua2V5c1pOUy5vYmplY3RzViRjbGFzc6INDoACgAOiEBGABIAFgAdccmVsYXRpdmVQYXRoWWFsaWFzRGF0YV8QMi4uLy4uLy4uLy4uLy4uLy4uL0RvY3VtZW50cy9QYXBlcnMvcDg3LWlzdHJhaWwucGRm0hcLGBlXTlMuZGF0YU8RAZYAAAAAAZYAAgAADE1hY2ludG9zaCBIRAAAAAAAAAAAAAAAAAAAAMnnHLRIKwAAA1sJvw9wODctaXN0cmFpbC5wZGYAAAAAAAAAAAAAAAAAAAAAAAAAAAAAAAAAAAAAAAAAAAAAAAAAAAAAAAAAAAAAAAADm5VizcVW6wAAAAAAAAAAAAYAAwAACSAAAAAAAAAAAAAAAAAAAAAGUGFwZXJzABAACAAAyed/JAAAABEACAAAzcW5WwAAAAEAEANbCb8ACHuDAAh7dgAAmKAAAgBATWFjaW50b3NoIEhEOlVzZXJzOgBnYnJlc2xlcjoARG9jdW1lbnRzOgBQYXBlcnM6AHA4Ny1pc3RyYWlsLnBkZgAOACAADwBwADgANwAtAGkAcwB0AHIAYQBpAGwALgBwAGQAZgAPABoADABNAGEAYwBpAG4AdABvAHMAaAAgAEgARAASAC9Vc2Vycy9nYnJlc2xlci9Eb2N1bWVudHMvUGFwZXJzL3A4Ny1pc3RyYWlsLnBkZgAAEwABLwAAFQACAA///wAAgAbSGxwdHlokY2xhc3NuYW1lWCRjbGFzc2VzXU5TTXV0YWJsZURhdGGjHR8gVk5TRGF0YVhOU09iamVjdNIbHCIjXE5TRGljdGlvbmFyeaIiIF8QD05TS2V5ZWRBcmNoaXZlctEmJ1Ryb290gAEACAARABoAIwAtADIANwBAAEYATQBVAGAAZwBqAGwAbgBxAHMAdQB3AIQAjgDDAMgA0AJqAmwCcQJ8AoUCkwKXAp4CpwKsArkCvALOAtEC1gAAAAAAAAIBAAAAAAAAACgAAAAAAAAAAAAAAAAAAALY}}

@article{sontag2010more,
	Author = {Sontag, David and Meshi, Ofer and Jaakkola, Tommi and Globerson, Amir},
	Date-Added = {2013-05-24 19:50:22 +0000},
	Date-Modified = {2013-05-24 19:50:22 +0000},
	Publisher = {Neural Information Processing Systems Foundation},
	Title = {More data means less inference: A pseudo-max approach to structured learning},
	Year = {2010}}

@inproceedings{jaakkola2007approximate,
	Author = {Jaakkola, Tommi and Globerson, Amir},
	Booktitle = {NIPS},
	Date-Added = {2013-05-24 18:45:38 +0000},
	Date-Modified = {2013-05-31 22:23:30 +0000},
	Organization = {The MIT Press},
	Pages = {473},
	Title = {Approximate inference using planar graph decomposition},
	Volume = {19},
	Year = {2007},
	Bdsk-File-1 = {YnBsaXN0MDDUAQIDBAUGJCVYJHZlcnNpb25YJG9iamVjdHNZJGFyY2hpdmVyVCR0b3ASAAGGoKgHCBMUFRYaIVUkbnVsbNMJCgsMDxJXTlMua2V5c1pOUy5vYmplY3RzViRjbGFzc6INDoACgAOiEBGABIAFgAdccmVsYXRpdmVQYXRoWWFsaWFzRGF0YV8QNC4uLy4uLy4uLy4uLy4uLy4uL0RvY3VtZW50cy9QYXBlcnMvR2xvSmFhLW5pcHMwNi5wZGbSFwsYGVdOUy5kYXRhTxEBngAAAAABngACAAAMTWFjaW50b3NoIEhEAAAAAAAAAAAAAAAAAAAAyecctEgrAAADWwm/EUdsb0phYS1uaXBzMDYucGRmAAAAAAAAAAAAAAAAAAAAAAAAAAAAAAAAAAAAAAAAAAAAAAAAAAAAAAAAAAAAAAObYgjNxQNzAAAAAAAAAAAABgADAAAJIAAAAAAAAAAAAAAAAAAAAAZQYXBlcnMAEAAIAADJ538kAAAAEQAIAADNxWXjAAAAAQAQA1sJvwAIe4MACHt2AACYoAACAEJNYWNpbnRvc2ggSEQ6VXNlcnM6AGdicmVzbGVyOgBEb2N1bWVudHM6AFBhcGVyczoAR2xvSmFhLW5pcHMwNi5wZGYADgAkABEARwBsAG8ASgBhAGEALQBuAGkAcABzADAANgAuAHAAZABmAA8AGgAMAE0AYQBjAGkAbgB0AG8AcwBoACAASABEABIAMVVzZXJzL2dicmVzbGVyL0RvY3VtZW50cy9QYXBlcnMvR2xvSmFhLW5pcHMwNi5wZGYAABMAAS8AABUAAgAP//8AAIAG0hscHR5aJGNsYXNzbmFtZVgkY2xhc3Nlc11OU011dGFibGVEYXRhox0fIFZOU0RhdGFYTlNPYmplY3TSGxwiI1xOU0RpY3Rpb25hcnmiIiBfEA9OU0tleWVkQXJjaGl2ZXLRJidUcm9vdIABAAgAEQAaACMALQAyADcAQABGAE0AVQBgAGcAagBsAG4AcQBzAHUAdwCEAI4AxQDKANICdAJ2AnsChgKPAp0CoQKoArECtgLDAsYC2ALbAuAAAAAAAAACAQAAAAAAAAAoAAAAAAAAAAAAAAAAAAAC4g==}}

@book{bertsekas1999nonlinear,
	Author = {Bertsekas, Dimitri P},
	Date-Added = {2013-05-24 16:37:09 +0000},
	Date-Modified = {2013-05-25 00:35:34 +0000},
	Publisher = {Athena Scientific},
	Title = {Nonlinear programming},
	Year = {1999}}

@inproceedings{gamarnik2007correlation,
	Author = {Gamarnik, D. and Katz, D.},
	Booktitle = {SODA},
	Date-Added = {2013-05-23 06:15:24 +0000},
	Date-Modified = {2014-11-30 02:16:35 +0000},
	Pages = {1245--1254},
	Title = {Correlation decay and deterministic FPTAS for counting list-colorings of a graph},
	Year = {2007},
	Bdsk-File-1 = {YnBsaXN0MDDUAQIDBAUGJCVYJHZlcnNpb25YJG9iamVjdHNZJGFyY2hpdmVyVCR0b3ASAAGGoKgHCBMUFRYaIVUkbnVsbNMJCgsMDxJXTlMua2V5c1pOUy5vYmplY3RzViRjbGFzc6INDoACgAOiEBGABIAFgAdccmVsYXRpdmVQYXRoWWFsaWFzRGF0YV8QLi4uLy4uLy4uLy4uLy4uLy4uL0RvY3VtZW50cy9QYXBlcnMvMDYwNjE0My5wZGbSFwsYGVdOUy5kYXRhTxEBhgAAAAABhgACAAAMTWFjaW50b3NoIEhEAAAAAAAAAAAAAAAAAAAAyecctEgrAAADWwm/CzA2MDYxNDMucGRmAAAAAAAAAAAAAAAAAAAAAAAAAAAAAAAAAAAAAAAAAAAAAAAAAAAAAAAAAAAAAAAAAAAAAAOaYZXNwwIdAAAAAAAAAAAABgADAAAJIAAAAAAAAAAAAAAAAAAAAAZQYXBlcnMAEAAIAADJ538kAAAAEQAIAADNw2SNAAAAAQAQA1sJvwAIe4MACHt2AACYoAACADxNYWNpbnRvc2ggSEQ6VXNlcnM6AGdicmVzbGVyOgBEb2N1bWVudHM6AFBhcGVyczoAMDYwNjE0My5wZGYADgAYAAsAMAA2ADAANgAxADQAMwAuAHAAZABmAA8AGgAMAE0AYQBjAGkAbgB0AG8AcwBoACAASABEABIAK1VzZXJzL2dicmVzbGVyL0RvY3VtZW50cy9QYXBlcnMvMDYwNjE0My5wZGYAABMAAS8AABUAAgAP//8AAIAG0hscHR5aJGNsYXNzbmFtZVgkY2xhc3Nlc11OU011dGFibGVEYXRhox0fIFZOU0RhdGFYTlNPYmplY3TSGxwiI1xOU0RpY3Rpb25hcnmiIiBfEA9OU0tleWVkQXJjaGl2ZXLRJidUcm9vdIABAAgAEQAaACMALQAyADcAQABGAE0AVQBgAGcAagBsAG4AcQBzAHUAdwCEAI4AvwDEAMwCVgJYAl0CaAJxAn8CgwKKApMCmAKlAqgCugK9AsIAAAAAAAACAQAAAAAAAAAoAAAAAAAAAAAAAAAAAAACxA==}}

@article{jalalilearning,
	Author = {Jalali, Ali and Johnson, Christopher C and Ravikumar, Pradeep},
	Date-Added = {2013-05-22 23:41:54 +0000},
	Date-Modified = {2013-05-22 23:41:54 +0000},
	Title = {On Learning Discrete Graphical Models Using Greedy Methods},
	Bdsk-File-1 = {YnBsaXN0MDDUAQIDBAUGJCVYJHZlcnNpb25YJG9iamVjdHNZJGFyY2hpdmVyVCR0b3ASAAGGoKgHCBMUFRYaIVUkbnVsbNMJCgsMDxJXTlMua2V5c1pOUy5vYmplY3RzViRjbGFzc6INDoACgAOiEBGABIAFgAdccmVsYXRpdmVQYXRoWWFsaWFzRGF0YV8QLy4uLy4uLy4uLy4uLy4uLy4uL0RvY3VtZW50cy9QYXBlcnMvR3JlZWR5R00ucGRm0hcLGBlXTlMuZGF0YU8RAYoAAAAAAYoAAgAADE1hY2ludG9zaCBIRAAAAAAAAAAAAAAAAAAAAMnnHLRIKwAAA1sJvwxHcmVlZHlHTS5wZGYAAAAAAAAAAAAAAAAAAAAAAAAAAAAAAAAAAAAAAAAAAAAAAAAAAAAAAAAAAAAAAAAAAAADmiDizcKmCgAAAAAAAAAAAAYAAwAACSAAAAAAAAAAAAAAAAAAAAAGUGFwZXJzABAACAAAyed/JAAAABEACAAAzcMIegAAAAEAEANbCb8ACHuDAAh7dgAAmKAAAgA9TWFjaW50b3NoIEhEOlVzZXJzOgBnYnJlc2xlcjoARG9jdW1lbnRzOgBQYXBlcnM6AEdyZWVkeUdNLnBkZgAADgAaAAwARwByAGUAZQBkAHkARwBNAC4AcABkAGYADwAaAAwATQBhAGMAaQBuAHQAbwBzAGgAIABIAEQAEgAsVXNlcnMvZ2JyZXNsZXIvRG9jdW1lbnRzL1BhcGVycy9HcmVlZHlHTS5wZGYAEwABLwAAFQACAA///wAAgAbSGxwdHlokY2xhc3NuYW1lWCRjbGFzc2VzXU5TTXV0YWJsZURhdGGjHR8gVk5TRGF0YVhOU09iamVjdNIbHCIjXE5TRGljdGlvbmFyeaIiIF8QD05TS2V5ZWRBcmNoaXZlctEmJ1Ryb290gAEACAARABoAIwAtADIANwBAAEYATQBVAGAAZwBqAGwAbgBxAHMAdQB3AIQAjgDAAMUAzQJbAl0CYgJtAnYChAKIAo8CmAKdAqoCrQK/AsICxwAAAAAAAAIBAAAAAAAAACgAAAAAAAAAAAAAAAAAAALJ}}

@inproceedings{jalali2011learning2,
	Author = {Jalali, A. and Ravikumar, P. and Vasuki, V. and Sanghavi, S.},
	Booktitle = {AISTATS},
	Date-Added = {2013-05-22 23:41:25 +0000},
	Date-Modified = {2014-11-02 05:37:28 +0000},
	Title = {On learning discrete graphical models using group-sparse regularization},
	Volume = {14},
	Year = {2011}}

@inproceedings{bezakova2006graph,
	Author = {Bez{\'a}kov{\'a}, Ivona and Kalai, Adam and Santhanam, Rahul},
	Booktitle = {Proceedings of the 23rd international conference on Machine learning},
	Date-Added = {2013-05-22 23:35:54 +0000},
	Date-Modified = {2013-05-22 23:35:54 +0000},
	Organization = {ACM},
	Pages = {105--112},
	Title = {Graph model selection using maximum likelihood},
	Year = {2006},
	Bdsk-File-1 = {YnBsaXN0MDDUAQIDBAUGJCVYJHZlcnNpb25YJG9iamVjdHNZJGFyY2hpdmVyVCR0b3ASAAGGoKgHCBMUFRYaIVUkbnVsbNMJCgsMDxJXTlMua2V5c1pOUy5vYmplY3RzViRjbGFzc6INDoACgAOiEBGABIAFgAdccmVsYXRpdmVQYXRoWWFsaWFzRGF0YV8QNS4uLy4uLy4uLy4uLy4uLy4uL0RvY3VtZW50cy9QYXBlcnMvMTAuMS4xLjY0LjE4MTIucGRm0hcLGBlXTlMuZGF0YU8RAaIAAAAAAaIAAgAADE1hY2ludG9zaCBIRAAAAAAAAAAAAAAAAAAAAMnnHLRIKwAAA1sJvxIxMC4xLjEuNjQuMTgxMi5wZGYAAAAAAAAAAAAAAAAAAAAAAAAAAAAAAAAAAAAAAAAAAAAAAAAAAAAAAAAAAAADmh8PzcKkcgAAAAAAAAAAAAYAAwAACSAAAAAAAAAAAAAAAAAAAAAGUGFwZXJzABAACAAAyed/JAAAABEACAAAzcMG4gAAAAEAEANbCb8ACHuDAAh7dgAAmKAAAgBDTWFjaW50b3NoIEhEOlVzZXJzOgBnYnJlc2xlcjoARG9jdW1lbnRzOgBQYXBlcnM6ADEwLjEuMS42NC4xODEyLnBkZgAADgAmABIAMQAwAC4AMQAuADEALgA2ADQALgAxADgAMQAyAC4AcABkAGYADwAaAAwATQBhAGMAaQBuAHQAbwBzAGgAIABIAEQAEgAyVXNlcnMvZ2JyZXNsZXIvRG9jdW1lbnRzL1BhcGVycy8xMC4xLjEuNjQuMTgxMi5wZGYAEwABLwAAFQACAA///wAAgAbSGxwdHlokY2xhc3NuYW1lWCRjbGFzc2VzXU5TTXV0YWJsZURhdGGjHR8gVk5TRGF0YVhOU09iamVjdNIbHCIjXE5TRGljdGlvbmFyeaIiIF8QD05TS2V5ZWRBcmNoaXZlctEmJ1Ryb290gAEACAARABoAIwAtADIANwBAAEYATQBVAGAAZwBqAGwAbgBxAHMAdQB3AIQAjgDGAMsA0wJ5AnsCgAKLApQCogKmAq0CtgK7AsgCywLdAuAC5QAAAAAAAAIBAAAAAAAAACgAAAAAAAAAAAAAAAAAAALn}}

@techreport{nesterov2011random,
	Author = {Nesterov, Yurii},
	Date-Added = {2013-05-22 06:42:37 +0000},
	Date-Modified = {2013-05-22 06:42:37 +0000},
	Title = {Random gradient-free minimization of convex functions},
	Year = {2011},
	Bdsk-File-1 = {YnBsaXN0MDDUAQIDBAUGJCVYJHZlcnNpb25YJG9iamVjdHNZJGFyY2hpdmVyVCR0b3ASAAGGoKgHCBMUFRYaIVUkbnVsbNMJCgsMDxJXTlMua2V5c1pOUy5vYmplY3RzViRjbGFzc6INDoACgAOiEBGABIAFgAdccmVsYXRpdmVQYXRoWWFsaWFzRGF0YV8QNi4uLy4uLy4uLy4uLy4uLy4uL0RvY3VtZW50cy9QYXBlcnMvY29yZWRwMjAxMV8xd2ViLnBkZtIXCxgZV05TLmRhdGFPEQGmAAAAAAGmAAIAAAxNYWNpbnRvc2ggSEQAAAAAAAAAAAAAAAAAAADJ5xy0SCsAAANbCb8TY29yZWRwMjAxMV8xd2ViLnBkZgAAAAAAAAAAAAAAAAAAAAAAAAAAAAAAAAAAAAAAAAAAAAAAAAAAAAAAAAAAA5m/sc3Btz4AAAAAAAAAAAAGAAMAAAkgAAAAAAAAAAAAAAAAAAAABlBhcGVycwAQAAgAAMnnfyQAAAARAAgAAM3CGa4AAAABABADWwm/AAh7gwAIe3YAAJigAAIARE1hY2ludG9zaCBIRDpVc2VyczoAZ2JyZXNsZXI6AERvY3VtZW50czoAUGFwZXJzOgBjb3JlZHAyMDExXzF3ZWIucGRmAA4AKAATAGMAbwByAGUAZABwADIAMAAxADEAXwAxAHcAZQBiAC4AcABkAGYADwAaAAwATQBhAGMAaQBuAHQAbwBzAGgAIABIAEQAEgAzVXNlcnMvZ2JyZXNsZXIvRG9jdW1lbnRzL1BhcGVycy9jb3JlZHAyMDExXzF3ZWIucGRmAAATAAEvAAAVAAIAD///AACABtIbHB0eWiRjbGFzc25hbWVYJGNsYXNzZXNdTlNNdXRhYmxlRGF0YaMdHyBWTlNEYXRhWE5TT2JqZWN00hscIiNcTlNEaWN0aW9uYXJ5oiIgXxAPTlNLZXllZEFyY2hpdmVy0SYnVHJvb3SAAQAIABEAGgAjAC0AMgA3AEAARgBNAFUAYABnAGoAbABuAHEAcwB1AHcAhACOAMcAzADUAn4CgAKFApACmQKnAqsCsgK7AsACzQLQAuIC5QLqAAAAAAAAAgEAAAAAAAAAKAAAAAAAAAAAAAAAAAAAAuw=}}

@article{wainwright2005new,
	Author = {Wainwright, Martin J and Jaakkola, Tommi S and Willsky, Alan S},
	Date-Added = {2013-05-22 00:10:01 +0000},
	Date-Modified = {2013-05-22 00:10:01 +0000},
	Journal = {Information Theory, IEEE Transactions on},
	Number = {7},
	Pages = {2313--2335},
	Publisher = {IEEE},
	Title = {A new class of upper bounds on the log partition function},
	Volume = {51},
	Year = {2005},
	Bdsk-File-1 = {YnBsaXN0MDDUAQIDBAUGJCVYJHZlcnNpb25YJG9iamVjdHNZJGFyY2hpdmVyVCR0b3ASAAGGoKgHCBMUFRYaIVUkbnVsbNMJCgsMDxJXTlMua2V5c1pOUy5vYmplY3RzViRjbGFzc6INDoACgAOiEBGABIAFgAdccmVsYXRpdmVQYXRoWWFsaWFzRGF0YV8QNS4uLy4uLy4uLy4uLy4uLy4uL0RvY3VtZW50cy9QYXBlcnMvd2FpbndyaWdodC1uZXcucGRm0hcLGBlXTlMuZGF0YU8RAaIAAAAAAaIAAgAADE1hY2ludG9zaCBIRAAAAAAAAAAAAAAAAAAAAMnnHLRIKwAAA1sJvxJ3YWlud3JpZ2h0LW5ldy5wZGYAAAAAAAAAAAAAAAAAAAAAAAAAAAAAAAAAAAAAAAAAAAAAAAAAAAAAAAAAAAADmTulzcFbPQAAAAAAAAAAAAYAAwAACSAAAAAAAAAAAAAAAAAAAAAGUGFwZXJzABAACAAAyed/JAAAABEACAAAzcG9rQAAAAEAEANbCb8ACHuDAAh7dgAAmKAAAgBDTWFjaW50b3NoIEhEOlVzZXJzOgBnYnJlc2xlcjoARG9jdW1lbnRzOgBQYXBlcnM6AHdhaW53cmlnaHQtbmV3LnBkZgAADgAmABIAdwBhAGkAbgB3AHIAaQBnAGgAdAAtAG4AZQB3AC4AcABkAGYADwAaAAwATQBhAGMAaQBuAHQAbwBzAGgAIABIAEQAEgAyVXNlcnMvZ2JyZXNsZXIvRG9jdW1lbnRzL1BhcGVycy93YWlud3JpZ2h0LW5ldy5wZGYAEwABLwAAFQACAA///wAAgAbSGxwdHlokY2xhc3NuYW1lWCRjbGFzc2VzXU5TTXV0YWJsZURhdGGjHR8gVk5TRGF0YVhOU09iamVjdNIbHCIjXE5TRGljdGlvbmFyeaIiIF8QD05TS2V5ZWRBcmNoaXZlctEmJ1Ryb290gAEACAARABoAIwAtADIANwBAAEYATQBVAGAAZwBqAGwAbgBxAHMAdQB3AIQAjgDGAMsA0wJ5AnsCgAKLApQCogKmAq0CtgK7AsgCywLdAuAC5QAAAAAAAAIBAAAAAAAAACgAAAAAAAAAAAAAAAAAAALn}}

@article{WaiWai03,
	Author = {Wainwright, Martin J. and Wainwright, Martin J."},
	Date-Added = {2013-05-22 00:09:21 +0000},
	Date-Modified = {2013-05-22 00:09:21 +0000},
	Doi = {10.1.1.68.45},
	Journal = {IN AISTATS},
	Title = {Tree-reweighted belief propagation algorithms and approximate ML estimation via pseudo-moment matching},
	Year = {2003},
	Bdsk-File-1 = {YnBsaXN0MDDUAQIDBAUGJCVYJHZlcnNpb25YJG9iamVjdHNZJGFyY2hpdmVyVCR0b3ASAAGGoKgHCBMUFRYaIVUkbnVsbNMJCgsMDxJXTlMua2V5c1pOUy5vYmplY3RzViRjbGFzc6INDoACgAOiEBGABIAFgAdccmVsYXRpdmVQYXRoWWFsaWFzRGF0YV8QMy4uLy4uLy4uLy4uLy4uLy4uL0RvY3VtZW50cy9QYXBlcnMvMTAuMS4xLjY4LjQ1LnBkZtIXCxgZV05TLmRhdGFPEQGaAAAAAAGaAAIAAAxNYWNpbnRvc2ggSEQAAAAAAAAAAAAAAAAAAADJ5xy0SCsAAANbCb8QMTAuMS4xLjY4LjQ1LnBkZgAAAAAAAAAAAAAAAAAAAAAAAAAAAAAAAAAAAAAAAAAAAAAAAAAAAAAAAAAAAAAAA5k7OM3BWrwAAAAAAAAAAAAGAAMAAAkgAAAAAAAAAAAAAAAAAAAABlBhcGVycwAQAAgAAMnnfyQAAAARAAgAAM3BvSwAAAABABADWwm/AAh7gwAIe3YAAJigAAIAQU1hY2ludG9zaCBIRDpVc2VyczoAZ2JyZXNsZXI6AERvY3VtZW50czoAUGFwZXJzOgAxMC4xLjEuNjguNDUucGRmAAAOACIAEAAxADAALgAxAC4AMQAuADYAOAAuADQANQAuAHAAZABmAA8AGgAMAE0AYQBjAGkAbgB0AG8AcwBoACAASABEABIAMFVzZXJzL2dicmVzbGVyL0RvY3VtZW50cy9QYXBlcnMvMTAuMS4xLjY4LjQ1LnBkZgATAAEvAAAVAAIAD///AACABtIbHB0eWiRjbGFzc25hbWVYJGNsYXNzZXNdTlNNdXRhYmxlRGF0YaMdHyBWTlNEYXRhWE5TT2JqZWN00hscIiNcTlNEaWN0aW9uYXJ5oiIgXxAPTlNLZXllZEFyY2hpdmVy0SYnVHJvb3SAAQAIABEAGgAjAC0AMgA3AEAARgBNAFUAYABnAGoAbABuAHEAcwB1AHcAhACOAMQAyQDRAm8CcQJ2AoECigKYApwCowKsArECvgLBAtMC1gLbAAAAAAAAAgEAAAAAAAAAKAAAAAAAAAAAAAAAAAAAAt0=}}

@inproceedings{vats2011necessary,
	Author = {Vats, Divyanshu and Moura, Jos{\'e} MF},
	Booktitle = {Information Theory Proceedings (ISIT), 2011 IEEE International Symposium on},
	Date-Added = {2013-05-21 22:04:57 +0000},
	Date-Modified = {2013-05-21 22:04:57 +0000},
	Organization = {IEEE},
	Pages = {303--307},
	Title = {Necessary conditions for consistent set-based graphical model selection},
	Year = {2011},
	Bdsk-File-1 = {YnBsaXN0MDDUAQIDBAUGJCVYJHZlcnNpb25YJG9iamVjdHNZJGFyY2hpdmVyVCR0b3ASAAGGoKgHCBMUFRYaIVUkbnVsbNMJCgsMDxJXTlMua2V5c1pOUy5vYmplY3RzViRjbGFzc6INDoACgAOiEBGABIAFgAdccmVsYXRpdmVQYXRoWWFsaWFzRGF0YV8QMC4uLy4uLy4uLy4uLy4uLy4uL0RvY3VtZW50cy9QYXBlcnMvcDIyOC12YXRzLnBkZtIXCxgZV05TLmRhdGFPEQGOAAAAAAGOAAIAAAxNYWNpbnRvc2ggSEQAAAAAAAAAAAAAAAAAAADJ5xy0SCsAAANbCb8NcDIyOC12YXRzLnBkZgAAAAAAAAAAAAAAAAAAAAAAAAAAAAAAAAAAAAAAAAAAAAAAAAAAAAAAAAAAAAAAAAAAA5kYIM3BPbAAAAAAAAAAAAAGAAMAAAkgAAAAAAAAAAAAAAAAAAAABlBhcGVycwAQAAgAAMnnfyQAAAARAAgAAM3BoCAAAAABABADWwm/AAh7gwAIe3YAAJigAAIAPk1hY2ludG9zaCBIRDpVc2VyczoAZ2JyZXNsZXI6AERvY3VtZW50czoAUGFwZXJzOgBwMjI4LXZhdHMucGRmAA4AHAANAHAAMgAyADgALQB2AGEAdABzAC4AcABkAGYADwAaAAwATQBhAGMAaQBuAHQAbwBzAGgAIABIAEQAEgAtVXNlcnMvZ2JyZXNsZXIvRG9jdW1lbnRzL1BhcGVycy9wMjI4LXZhdHMucGRmAAATAAEvAAAVAAIAD///AACABtIbHB0eWiRjbGFzc25hbWVYJGNsYXNzZXNdTlNNdXRhYmxlRGF0YaMdHyBWTlNEYXRhWE5TT2JqZWN00hscIiNcTlNEaWN0aW9uYXJ5oiIgXxAPTlNLZXllZEFyY2hpdmVy0SYnVHJvb3SAAQAIABEAGgAjAC0AMgA3AEAARgBNAFUAYABnAGoAbABuAHEAcwB1AHcAhACOAMEAxgDOAmACYgJnAnICewKJAo0ClAKdAqICrwKyAsQCxwLMAAAAAAAAAgEAAAAAAAAAKAAAAAAAAAAAAAAAAAAAAs4=}}

@article{santhanam2012information,
	Author = {Santhanam, N. P. and Wainwright, M. J.},
	Date-Added = {2013-05-21 22:03:26 +0000},
	Date-Modified = {2014-11-02 05:41:28 +0000},
	Journal = {IEEE Trans. on Info. Theory},
	Number = {7},
	Pages = {4117--4134},
	Publisher = {IEEE},
	Title = {Information-theoretic limits of selecting binary graphical models in high dimensions},
	Volume = {58},
	Year = {2012}}

@inproceedings{sly2012computational,
	Author = {Sly, A. and Sun, N.},
	Booktitle = {FOCS},
	Date-Added = {2013-05-21 15:43:03 +0000},
	Date-Modified = {2013-05-30 18:46:34 +0000},
	Organization = {IEEE},
	Pages = {361--369},
	Title = {The computational hardness of counting in two-spin models on d-regular graphs},
	Year = {2012}}

@article{feldman2012statistical,
	Author = {Feldman, Vitaly and Grigorescu, Elena and Reyzin, Lev and Vempala, Santosh and Xiao, Ying},
	Date-Added = {2013-05-09 03:36:24 +0000},
	Date-Modified = {2013-05-09 03:36:24 +0000},
	Journal = {arXiv preprint arXiv:1201.1214},
	Title = {Statistical algorithms and a lower bound for planted clique},
	Year = {2012}}

@inproceedings{karger2001learning,
	Author = {Karger, D. and Srebro, N.},
	Booktitle = {Symposium on Discrete Algorithms (SODA)},
	Date-Added = {2013-01-16 20:10:00 +0000},
	Date-Modified = {2013-05-30 18:37:17 +0000},
	Pages = {392--401},
	Title = {Learning {M}arkov networks: Maximum bounded tree-width graphs},
	Year = {2001}}

@article{johnson2010learning,
	Author = {Johnson, J.K. and Netrapalli, P. and Chertkov, M.},
	Date-Added = {2013-01-16 02:06:48 +0000},
	Date-Modified = {2013-01-16 02:06:48 +0000},
	Journal = {arXiv preprint arXiv:1011.3494},
	Title = {Learning Planar Ising Models},
	Year = {2010}}

@article{wainwright2008graphical,
	Author = {Wainwright, M.J. and Jordan, M.I.},
	Date-Added = {2013-01-16 02:04:53 +0000},
	Date-Modified = {2013-05-30 18:32:15 +0000},
	Journal = {Foundations and Trends in Machine Learning},
	Number = {1-2},
	Pages = {1--305},
	Publisher = {Now Publishers Inc.},
	Title = {Graphical models, exponential families, and variational inference},
	Volume = {1},
	Year = {2008},
	Bdsk-File-1 = {YnBsaXN0MDDUAQIDBAUGJCVYJHZlcnNpb25YJG9iamVjdHNZJGFyY2hpdmVyVCR0b3ASAAGGoKgHCBMUFRYaIVUkbnVsbNMJCgsMDxJXTlMua2V5c1pOUy5vYmplY3RzViRjbGFzc6INDoACgAOiEBGABIAFgAdccmVsYXRpdmVQYXRoWWFsaWFzRGF0YV8QNC4uLy4uLy4uLy4uLy4uLy4uL0RvY3VtZW50cy9QYXBlcnMvV2FpSm9yMDhfRlRNTC5wZGbSFwsYGVdOUy5kYXRhTxEBngAAAAABngACAAAMTWFjaW50b3NoIEhEAAAAAAAAAAAAAAAAAAAAyecctEgrAAADWwm/EVdhaUpvcjA4X0ZUTUwucGRmAAAAAAAAAAAAAAAAAAAAAAAAAAAAAAAAAAAAAAAAAAAAAAAAAAAAAAAAAAAAAANoOvLM92stAAAAAAAAAAAABgADAAAJIAAAAAAAAAAAAAAAAAAAAAZQYXBlcnMAEAAIAADJ538kAAAAEQAIAADM99utAAAAAQAQA1sJvwAIe4MACHt2AACYoAACAEJNYWNpbnRvc2ggSEQ6VXNlcnM6AGdicmVzbGVyOgBEb2N1bWVudHM6AFBhcGVyczoAV2FpSm9yMDhfRlRNTC5wZGYADgAkABEAVwBhAGkASgBvAHIAMAA4AF8ARgBUAE0ATAAuAHAAZABmAA8AGgAMAE0AYQBjAGkAbgB0AG8AcwBoACAASABEABIAMVVzZXJzL2dicmVzbGVyL0RvY3VtZW50cy9QYXBlcnMvV2FpSm9yMDhfRlRNTC5wZGYAABMAAS8AABUAAgAP//8AAIAG0hscHR5aJGNsYXNzbmFtZVgkY2xhc3Nlc11OU011dGFibGVEYXRhox0fIFZOU0RhdGFYTlNPYmplY3TSGxwiI1xOU0RpY3Rpb25hcnmiIiBfEA9OU0tleWVkQXJjaGl2ZXLRJidUcm9vdIABAAgAEQAaACMALQAyADcAQABGAE0AVQBgAGcAagBsAG4AcQBzAHUAdwCEAI4AxQDKANICdAJ2AnsChgKPAp0CoQKoArECtgLDAsYC2ALbAuAAAAAAAAACAQAAAAAAAAAoAAAAAAAAAAAAAAAAAAAC4g==}}

@inproceedings{raygreedy,
	Author = {Ray, A. and Sanghavi, S. and Shakkottai, S.},
	Booktitle = {50th Allerton Conference},
	Date-Added = {2013-01-15 16:54:06 +0000},
	Date-Modified = {2013-05-30 18:39:36 +0000},
	Title = {Greedy Learning of Graphical Models with Small Girth},
	Year = {2012},
	Bdsk-File-1 = {YnBsaXN0MDDUAQIDBAUGJCVYJHZlcnNpb25YJG9iamVjdHNZJGFyY2hpdmVyVCR0b3ASAAGGoKgHCBMUFRYaIVUkbnVsbNMJCgsMDxJXTlMua2V5c1pOUy5vYmplY3RzViRjbGFzc6INDoACgAOiEBGABIAFgAdccmVsYXRpdmVQYXRoWWFsaWFzRGF0YV8QOy4uLy4uLy4uLy4uLy4uLy4uL0RvY3VtZW50cy9QYXBlcnMvZ3JlZWR5X2FsbGVydG9uXzIwMTIucGRm0hcLGBlXTlMuZGF0YU8RAboAAAAAAboAAgAADE1hY2ludG9zaCBIRAAAAAAAAAAAAAAAAAAAAMnnHLRIKwAAA1sJvxhncmVlZHlfYWxsZXJ0b25fMjAxMi5wZGYAAAAAAAAAAAAAAAAAAAAAAAAAAAAAAAAAAAAAAAAAAAAAAAAAAAADc1u0zRrJogAAAAAAAAAAAAYAAwAACSAAAAAAAAAAAAAAAAAAAAAGUGFwZXJzABAACAAAyed/JAAAABEACAAAzRs6IgAAAAEAEANbCb8ACHuDAAh7dgAAmKAAAgBJTWFjaW50b3NoIEhEOlVzZXJzOgBnYnJlc2xlcjoARG9jdW1lbnRzOgBQYXBlcnM6AGdyZWVkeV9hbGxlcnRvbl8yMDEyLnBkZgAADgAyABgAZwByAGUAZQBkAHkAXwBhAGwAbABlAHIAdABvAG4AXwAyADAAMQAyAC4AcABkAGYADwAaAAwATQBhAGMAaQBuAHQAbwBzAGgAIABIAEQAEgA4VXNlcnMvZ2JyZXNsZXIvRG9jdW1lbnRzL1BhcGVycy9ncmVlZHlfYWxsZXJ0b25fMjAxMi5wZGYAEwABLwAAFQACAA///wAAgAbSGxwdHlokY2xhc3NuYW1lWCRjbGFzc2VzXU5TTXV0YWJsZURhdGGjHR8gVk5TRGF0YVhOU09iamVjdNIbHCIjXE5TRGljdGlvbmFyeaIiIF8QD05TS2V5ZWRBcmNoaXZlctEmJ1Ryb290gAEACAARABoAIwAtADIANwBAAEYATQBVAGAAZwBqAGwAbgBxAHMAdQB3AIQAjgDMANEA2QKXApkCngKpArICwALEAssC1ALZAuYC6QL7Av4DAwAAAAAAAAIBAAAAAAAAACgAAAAAAAAAAAAAAAAAAAMF}}

@phdthesis{bento2012learning,
	Author = {Bento, J.},
	Date-Added = {2013-01-15 16:32:34 +0000},
	Date-Modified = {2013-01-15 16:32:34 +0000},
	School = {STANFORD UNIVERSITY},
	Title = {LEARNING GRAPHICAL MODELS FUNDAMENTAL LIMITS AND EFFICIENT ALGORITHMS},
	Year = {2012}}

@article{anandkumar2011learning,
	Author = {Anandkumar, A. and Mossel, E.},
	Date-Added = {2013-01-15 16:30:26 +0000},
	Date-Modified = {2013-01-15 16:30:26 +0000},
	Title = {Learning High-Dimensional Latent Graphical Models: Girth-Constrained Graph Families},
	Year = {2011},
	Bdsk-File-1 = {YnBsaXN0MDDUAQIDBAUGJCVYJHZlcnNpb25YJG9iamVjdHNZJGFyY2hpdmVyVCR0b3ASAAGGoKgHCBMUFRYaIVUkbnVsbNMJCgsMDxJXTlMua2V5c1pOUy5vYmplY3RzViRjbGFzc6INDoACgAOiEBGABIAFgAdccmVsYXRpdmVQYXRoWWFsaWFzRGF0YV8QPC4uLy4uLy4uLy4uLy4uLy4uL0RvY3VtZW50cy9QYXBlcnMvQW5hbmRrdW1hck1vc3NlbEphbjEyLnBkZtIXCxgZV05TLmRhdGFPEQG+AAAAAAG+AAIAAAxNYWNpbnRvc2ggSEQAAAAAAAAAAAAAAAAAAADJ5xy0SCsAAANbCb8ZQW5hbmRrdW1hck1vc3NlbEphbjEyLnBkZgAAAAAAAAAAAAAAAAAAAAAAAAAAAAAAAAAAAAAAAAAAAAAAAAAAA3NVps0axBgAAAAAAAAAAAAGAAMAAAkgAAAAAAAAAAAAAAAAAAAABlBhcGVycwAQAAgAAMnnfyQAAAARAAgAAM0bNJgAAAABABADWwm/AAh7gwAIe3YAAJigAAIASk1hY2ludG9zaCBIRDpVc2VyczoAZ2JyZXNsZXI6AERvY3VtZW50czoAUGFwZXJzOgBBbmFuZGt1bWFyTW9zc2VsSmFuMTIucGRmAA4ANAAZAEEAbgBhAG4AZABrAHUAbQBhAHIATQBvAHMAcwBlAGwASgBhAG4AMQAyAC4AcABkAGYADwAaAAwATQBhAGMAaQBuAHQAbwBzAGgAIABIAEQAEgA5VXNlcnMvZ2JyZXNsZXIvRG9jdW1lbnRzL1BhcGVycy9BbmFuZGt1bWFyTW9zc2VsSmFuMTIucGRmAAATAAEvAAAVAAIAD///AACABtIbHB0eWiRjbGFzc25hbWVYJGNsYXNzZXNdTlNNdXRhYmxlRGF0YaMdHyBWTlNEYXRhWE5TT2JqZWN00hscIiNcTlNEaWN0aW9uYXJ5oiIgXxAPTlNLZXllZEFyY2hpdmVy0SYnVHJvb3SAAQAIABEAGgAjAC0AMgA3AEAARgBNAFUAYABnAGoAbABuAHEAcwB1AHcAhACOAM0A0gDaApwCngKjAq4CtwLFAskC0ALZAt4C6wLuAwADAwMIAAAAAAAAAgEAAAAAAAAAKAAAAAAAAAAAAAAAAAAAAwo=}}

@article{cocco2012adaptive,
	Author = {Cocco, S. and Monasson, R.},
	Date-Added = {2013-01-15 16:29:37 +0000},
	Date-Modified = {2013-05-30 18:42:43 +0000},
	Journal = {Journal of Statistical Physics},
	Pages = {1--63},
	Publisher = {Springer},
	Title = {Adaptive cluster expansion for the inverse {I}sing problem: convergence, algorithm and tests},
	Year = {2012},
	Bdsk-File-1 = {YnBsaXN0MDDUAQIDBAUGJCVYJHZlcnNpb25YJG9iamVjdHNZJGFyY2hpdmVyVCR0b3ASAAGGoKgHCBMUFRYaIVUkbnVsbNMJCgsMDxJXTlMua2V5c1pOUy5vYmplY3RzViRjbGFzc6INDoACgAOiEBGABIAFgAdccmVsYXRpdmVQYXRoWWFsaWFzRGF0YV8QMC4uLy4uLy4uLy4uLy4uLy4uL0RvY3VtZW50cy9QYXBlcnMvMTExMC41NDE2LnBkZtIXCxgZV05TLmRhdGFPEQGOAAAAAAGOAAIAAAxNYWNpbnRvc2ggSEQAAAAAAAAAAAAAAAAAAADJ5xy0SCsAAANbCb8NMTExMC41NDE2LnBkZgAAAAAAAAAAAAAAAAAAAAAAAAAAAAAAAAAAAAAAAAAAAAAAAAAAAAAAAAAAAAAAAAAAA3NVcs0aw+UAAAAAAAAAAAAGAAMAAAkgAAAAAAAAAAAAAAAAAAAABlBhcGVycwAQAAgAAMnnfyQAAAARAAgAAM0bNGUAAAABABADWwm/AAh7gwAIe3YAAJigAAIAPk1hY2ludG9zaCBIRDpVc2VyczoAZ2JyZXNsZXI6AERvY3VtZW50czoAUGFwZXJzOgAxMTEwLjU0MTYucGRmAA4AHAANADEAMQAxADAALgA1ADQAMQA2AC4AcABkAGYADwAaAAwATQBhAGMAaQBuAHQAbwBzAGgAIABIAEQAEgAtVXNlcnMvZ2JyZXNsZXIvRG9jdW1lbnRzL1BhcGVycy8xMTEwLjU0MTYucGRmAAATAAEvAAAVAAIAD///AACABtIbHB0eWiRjbGFzc25hbWVYJGNsYXNzZXNdTlNNdXRhYmxlRGF0YaMdHyBWTlNEYXRhWE5TT2JqZWN00hscIiNcTlNEaWN0aW9uYXJ5oiIgXxAPTlNLZXllZEFyY2hpdmVy0SYnVHJvb3SAAQAIABEAGgAjAC0AMgA3AEAARgBNAFUAYABnAGoAbABuAHEAcwB1AHcAhACOAMEAxgDOAmACYgJnAnICewKJAo0ClAKdAqICrwKyAsQCxwLMAAAAAAAAAgEAAAAAAAAAKAAAAAAAAAAAAAAAAAAAAs4=}}

@inproceedings{netrapalli2010greedy,
	Author = {Netrapalli, P. and Banerjee, S. and Sanghavi, S. and Shakkottai, S.},
	Booktitle = {48th Allerton Conference},
	Date-Added = {2013-01-15 16:23:52 +0000},
	Date-Modified = {2014-11-03 20:22:28 +0000},
	Pages = {1295--1302},
	Title = {Greedy learning of {M}arkov network structure},
	Year = {2010},
	Bdsk-File-1 = {YnBsaXN0MDDUAQIDBAUGJCVYJHZlcnNpb25YJG9iamVjdHNZJGFyY2hpdmVyVCR0b3ASAAGGoKgHCBMUFRYaIVUkbnVsbNMJCgsMDxJXTlMua2V5c1pOUy5vYmplY3RzViRjbGFzc6INDoACgAOiEBGABIAFgAdccmVsYXRpdmVQYXRoWWFsaWFzRGF0YV8QMC4uLy4uLy4uLy4uLy4uLy4uL0RvY3VtZW50cy9QYXBlcnMvMTIwMi4xNzg3LnBkZtIXCxgZV05TLmRhdGFPEQGOAAAAAAGOAAIAAAxNYWNpbnRvc2ggSEQAAAAAAAAAAAAAAAAAAADJ5xy0SCsAAANbCb8NMTIwMi4xNzg3LnBkZgAAAAAAAAAAAAAAAAAAAAAAAAAAAAAAAAAAAAAAAAAAAAAAAAAAAAAAAAAAAAAAAAAAA3NUsM0awqEAAAAAAAAAAAAGAAMAAAkgAAAAAAAAAAAAAAAAAAAABlBhcGVycwAQAAgAAMnnfyQAAAARAAgAAM0bMyEAAAABABADWwm/AAh7gwAIe3YAAJigAAIAPk1hY2ludG9zaCBIRDpVc2VyczoAZ2JyZXNsZXI6AERvY3VtZW50czoAUGFwZXJzOgAxMjAyLjE3ODcucGRmAA4AHAANADEAMgAwADIALgAxADcAOAA3AC4AcABkAGYADwAaAAwATQBhAGMAaQBuAHQAbwBzAGgAIABIAEQAEgAtVXNlcnMvZ2JyZXNsZXIvRG9jdW1lbnRzL1BhcGVycy8xMjAyLjE3ODcucGRmAAATAAEvAAAVAAIAD///AACABtIbHB0eWiRjbGFzc25hbWVYJGNsYXNzZXNdTlNNdXRhYmxlRGF0YaMdHyBWTlNEYXRhWE5TT2JqZWN00hscIiNcTlNEaWN0aW9uYXJ5oiIgXxAPTlNLZXllZEFyY2hpdmVy0SYnVHJvb3SAAQAIABEAGgAjAC0AMgA3AEAARgBNAFUAYABnAGoAbABuAHEAcwB1AHcAhACOAMEAxgDOAmACYgJnAnICewKJAo0ClAKdAqICrwKyAsQCxwLMAAAAAAAAAgEAAAAAAAAAKAAAAAAAAAAAAAAAAAAAAs4=}}

@inproceedings{bento2009graphical,
	Author = {Bento, J. and Montanari, A.},
	Booktitle = {NIPS},
	Date-Added = {2013-01-15 02:53:20 +0000},
	Date-Modified = {2013-05-30 18:31:49 +0000},
	Title = {Which graphical models are difficult to learn?},
	Year = {2009},
	Bdsk-File-1 = {YnBsaXN0MDDUAQIDBAUGJCVYJHZlcnNpb25YJG9iamVjdHNZJGFyY2hpdmVyVCR0b3ASAAGGoKgHCBMUFRYaIVUkbnVsbNMJCgsMDxJXTlMua2V5c1pOUy5vYmplY3RzViRjbGFzc6INDoACgAOiEBGABIAFgAdccmVsYXRpdmVQYXRoWWFsaWFzRGF0YV8QMS4uLy4uLy4uLy4uLy4uLy4uL0RvY3VtZW50cy9QYXBlcnMvMDkxMC41NzYxLC5wZGbSFwsYGVdOUy5kYXRhTxEBkgAAAAABkgACAAAMTWFjaW50b3NoIEhEAAAAAAAAAAAAAAAAAAAAyecctEgrAAADWwm/DjA5MTAuNTc2MSwucGRmAAAAAAAAAAAAAAAAAAAAAAAAAAAAAAAAAAAAAAAAAAAAAAAAAAAAAAAAAAAAAAAAAANzKFPNGgSSAAAAAAAAAAAABgADAAAJIAAAAAAAAAAAAAAAAAAAAAZQYXBlcnMAEAAIAADJ538kAAAAEQAIAADNGnUSAAAAAQAQA1sJvwAIe4MACHt2AACYoAACAD9NYWNpbnRvc2ggSEQ6VXNlcnM6AGdicmVzbGVyOgBEb2N1bWVudHM6AFBhcGVyczoAMDkxMC41NzYxLC5wZGYAAA4AHgAOADAAOQAxADAALgA1ADcANgAxACwALgBwAGQAZgAPABoADABNAGEAYwBpAG4AdABvAHMAaAAgAEgARAASAC5Vc2Vycy9nYnJlc2xlci9Eb2N1bWVudHMvUGFwZXJzLzA5MTAuNTc2MSwucGRmABMAAS8AABUAAgAP//8AAIAG0hscHR5aJGNsYXNzbmFtZVgkY2xhc3Nlc11OU011dGFibGVEYXRhox0fIFZOU0RhdGFYTlNPYmplY3TSGxwiI1xOU0RpY3Rpb25hcnmiIiBfEA9OU0tleWVkQXJjaGl2ZXLRJidUcm9vdIABAAgAEQAaACMALQAyADcAQABGAE0AVQBgAGcAagBsAG4AcQBzAHUAdwCEAI4AwgDHAM8CZQJnAmwCdwKAAo4CkgKZAqICpwK0ArcCyQLMAtEAAAAAAAACAQAAAAAAAAAoAAAAAAAAAAAAAAAAAAAC0w==}}

@article{mossel2011robust,
	Author = {Mossel, E. and Roch, S. and Sly, A.},
	Date-Added = {2013-01-15 02:49:34 +0000},
	Date-Modified = {2013-01-15 02:49:34 +0000},
	Journal = {arXiv preprint arXiv:1109.4668},
	Title = {Robust estimation of latent tree graphical models: Inferring hidden states with inexact parameters},
	Year = {2011}}

@article{ravikumar2010high,
	Author = {Ravikumar, P. and Wainwright, M.J. and Lafferty, J.D.},
	Date-Added = {2013-01-15 02:21:20 +0000},
	Date-Modified = {2014-11-02 05:42:23 +0000},
	Journal = {Annals of Statistics},
	Number = {3},
	Pages = {1287--1319},
	Publisher = {Institute of Mathematical Statistics},
	Title = {High-dimensional {I}sing model selection using $\ell_1$-regularized logistic regression},
	Volume = {38},
	Year = {2010},
	Bdsk-File-1 = {YnBsaXN0MDDUAQIDBAUGJCVYJHZlcnNpb25YJG9iamVjdHNZJGFyY2hpdmVyVCR0b3ASAAGGoKgHCBMUFRYaIVUkbnVsbNMJCgsMDxJXTlMua2V5c1pOUy5vYmplY3RzViRjbGFzc6INDoACgAOiEBGABIAFgAdccmVsYXRpdmVQYXRoWWFsaWFzRGF0YV8QMi4uLy4uLy4uLy4uLy4uLy4uL0RvY3VtZW50cy9QYXBlcnMvMDgwNC40MjAydjEucGRm0hcLGBlXTlMuZGF0YU8RAZYAAAAAAZYAAgAADE1hY2ludG9zaCBIRAAAAAAAAAAAAAAAAAAAAMnnHLRIKwAAA1sJvw8wODA0LjQyMDJ2MS5wZGYAAAAAAAAAAAAAAAAAAAAAAAAAAAAAAAAAAAAAAAAAAAAAAAAAAAAAAAAAAAAAAAADcyKazRn9AAAAAAAAAAAAAAYAAwAACSAAAAAAAAAAAAAAAAAAAAAGUGFwZXJzABAACAAAyed/JAAAABEACAAAzRptgAAAAAEAEANbCb8ACHuDAAh7dgAAmKAAAgBATWFjaW50b3NoIEhEOlVzZXJzOgBnYnJlc2xlcjoARG9jdW1lbnRzOgBQYXBlcnM6ADA4MDQuNDIwMnYxLnBkZgAOACAADwAwADgAMAA0AC4ANAAyADAAMgB2ADEALgBwAGQAZgAPABoADABNAGEAYwBpAG4AdABvAHMAaAAgAEgARAASAC9Vc2Vycy9nYnJlc2xlci9Eb2N1bWVudHMvUGFwZXJzLzA4MDQuNDIwMnYxLnBkZgAAEwABLwAAFQACAA///wAAgAbSGxwdHlokY2xhc3NuYW1lWCRjbGFzc2VzXU5TTXV0YWJsZURhdGGjHR8gVk5TRGF0YVhOU09iamVjdNIbHCIjXE5TRGljdGlvbmFyeaIiIF8QD05TS2V5ZWRBcmNoaXZlctEmJ1Ryb290gAEACAARABoAIwAtADIANwBAAEYATQBVAGAAZwBqAGwAbgBxAHMAdQB3AIQAjgDDAMgA0AJqAmwCcQJ8AoUCkwKXAp4CpwKsArkCvALOAtEC1gAAAAAAAAIBAAAAAAAAACgAAAAAAAAAAAAAAAAAAALY}}

@inproceedings{wu2012learning,
	Author = {Wu, R. and Srikant, R. and Ni, J.},
	Booktitle = {INFOCOM},
	Date-Added = {2013-01-15 02:18:53 +0000},
	Date-Modified = {2013-05-30 18:40:54 +0000},
	Pages = {214--219},
	Title = {Learning graph structures in discrete {M}arkov random fields},
	Year = {2012},
	Bdsk-File-1 = {YnBsaXN0MDDUAQIDBAUGJCVYJHZlcnNpb25YJG9iamVjdHNZJGFyY2hpdmVyVCR0b3ASAAGGoKgHCBMUFRYaIVUkbnVsbNMJCgsMDxJXTlMua2V5c1pOUy5vYmplY3RzViRjbGFzc6INDoACgAOiEBGABIAFgAdccmVsYXRpdmVQYXRoWWFsaWFzRGF0YV8QMC4uLy4uLy4uLy4uLy4uLy4uL0RvY3VtZW50cy9QYXBlcnMvMTIwNC41NTQwLnBkZtIXCxgZV05TLmRhdGFPEQGOAAAAAAGOAAIAAAxNYWNpbnRvc2ggSEQAAAAAAAAAAAAAAAAAAADJ5xy0SCsAAANbCb8NMTIwNC41NTQwLnBkZgAAAAAAAAAAAAAAAAAAAAAAAAAAAAAAAAAAAAAAAAAAAAAAAAAAAAAAAAAAAAAAAAAAA3Mhmc0Z/IAAAAAAAAAAAAAGAAMAAAkgAAAAAAAAAAAAAAAAAAAABlBhcGVycwAQAAgAAMnnfyQAAAARAAgAAM0abQAAAAABABADWwm/AAh7gwAIe3YAAJigAAIAPk1hY2ludG9zaCBIRDpVc2VyczoAZ2JyZXNsZXI6AERvY3VtZW50czoAUGFwZXJzOgAxMjA0LjU1NDAucGRmAA4AHAANADEAMgAwADQALgA1ADUANAAwAC4AcABkAGYADwAaAAwATQBhAGMAaQBuAHQAbwBzAGgAIABIAEQAEgAtVXNlcnMvZ2JyZXNsZXIvRG9jdW1lbnRzL1BhcGVycy8xMjA0LjU1NDAucGRmAAATAAEvAAAVAAIAD///AACABtIbHB0eWiRjbGFzc25hbWVYJGNsYXNzZXNdTlNNdXRhYmxlRGF0YaMdHyBWTlNEYXRhWE5TT2JqZWN00hscIiNcTlNEaWN0aW9uYXJ5oiIgXxAPTlNLZXllZEFyY2hpdmVy0SYnVHJvb3SAAQAIABEAGgAjAC0AMgA3AEAARgBNAFUAYABnAGoAbABuAHEAcwB1AHcAhACOAMEAxgDOAmACYgJnAnICewKJAo0ClAKdAqICrwKyAsQCxwLMAAAAAAAAAgEAAAAAAAAAKAAAAAAAAAAAAAAAAAAAAs4=}}

@inproceedings{BMS08,
	Author = {Bresler, G. and Mossel, E. and Sly, A.},
	Booktitle = {APPROX},
	Date-Added = {2013-01-15 02:16:30 +0000},
	Date-Modified = {2014-11-03 16:40:20 +0000},
	Journal = {SIAM Journal on Computing, 2013},
	Title = {Reconstruction of {M}arkov random fields from samples: Some observations and algorithms},
	Year = {2008},
	Bdsk-File-1 = {YnBsaXN0MDDUAQIDBAUGJCVYJHZlcnNpb25YJG9iamVjdHNZJGFyY2hpdmVyVCR0b3ASAAGGoKgHCBMUFRYaIVUkbnVsbNMJCgsMDxJXTlMua2V5c1pOUy5vYmplY3RzViRjbGFzc6INDoACgAOiEBGABIAFgAdccmVsYXRpdmVQYXRoWWFsaWFzRGF0YV8QMC4uLy4uLy4uLy4uLy4uLy4uL0RvY3VtZW50cy9QYXBlcnMvMDcxMi4xNDAyLnBkZtIXCxgZV05TLmRhdGFPEQGOAAAAAAGOAAIAAAxNYWNpbnRvc2ggSEQAAAAAAAAAAAAAAAAAAADJ5xy0SCsAAANbCb8NMDcxMi4xNDAyLnBkZgAAAAAAAAAAAAAAAAAAAAAAAAAAAAAAAAAAAAAAAAAAAAAAAAAAAAAAAAAAAAAAAAAAA3Mg9c0Z+/EAAAAAAAAAAAAGAAMAAAkgAAAAAAAAAAAAAAAAAAAABlBhcGVycwAQAAgAAMnnfyQAAAARAAgAAM0abHEAAAABABADWwm/AAh7gwAIe3YAAJigAAIAPk1hY2ludG9zaCBIRDpVc2VyczoAZ2JyZXNsZXI6AERvY3VtZW50czoAUGFwZXJzOgAwNzEyLjE0MDIucGRmAA4AHAANADAANwAxADIALgAxADQAMAAyAC4AcABkAGYADwAaAAwATQBhAGMAaQBuAHQAbwBzAGgAIABIAEQAEgAtVXNlcnMvZ2JyZXNsZXIvRG9jdW1lbnRzL1BhcGVycy8wNzEyLjE0MDIucGRmAAATAAEvAAAVAAIAD///AACABtIbHB0eWiRjbGFzc25hbWVYJGNsYXNzZXNdTlNNdXRhYmxlRGF0YaMdHyBWTlNEYXRhWE5TT2JqZWN00hscIiNcTlNEaWN0aW9uYXJ5oiIgXxAPTlNLZXllZEFyY2hpdmVy0SYnVHJvb3SAAQAIABEAGgAjAC0AMgA3AEAARgBNAFUAYABnAGoAbABuAHEAcwB1AHcAhACOAMEAxgDOAmACYgJnAnICewKJAo0ClAKdAqICrwKyAsQCxwLMAAAAAAAAAgEAAAAAAAAAKAAAAAAAAAAAAAAAAAAAAs4=}}

@article{abbeel2012learning,
	Author = {Abbeel, P. and Koller, D. and Ng, A.Y.},
	Date-Added = {2013-01-15 02:15:31 +0000},
	Date-Modified = {2013-01-16 02:05:52 +0000},
	Journal = {arXiv preprint arXiv:1207.1366},
	Title = {Learning factor graphs in polynomial time \&amp; sample complexity},
	Year = {2005},
	Bdsk-File-1 = {YnBsaXN0MDDUAQIDBAUGJCVYJHZlcnNpb25YJG9iamVjdHNZJGFyY2hpdmVyVCR0b3ASAAGGoKgHCBMUFRYaIVUkbnVsbNMJCgsMDxJXTlMua2V5c1pOUy5vYmplY3RzViRjbGFzc6INDoACgAOiEBGABIAFgAdccmVsYXRpdmVQYXRoWWFsaWFzRGF0YV8QMC4uLy4uLy4uLy4uLy4uLy4uL0RvY3VtZW50cy9QYXBlcnMvMTIwNy4xMzY2LnBkZtIXCxgZV05TLmRhdGFPEQGOAAAAAAGOAAIAAAxNYWNpbnRvc2ggSEQAAAAAAAAAAAAAAAAAAADJ5xy0SCsAAANbCb8NMTIwNy4xMzY2LnBkZgAAAAAAAAAAAAAAAAAAAAAAAAAAAAAAAAAAAAAAAAAAAAAAAAAAAAAAAAAAAAAAAAAAA3Mgxs0Z+7UAAAAAAAAAAAAGAAMAAAkgAAAAAAAAAAAAAAAAAAAABlBhcGVycwAQAAgAAMnnfyQAAAARAAgAAM0abDUAAAABABADWwm/AAh7gwAIe3YAAJigAAIAPk1hY2ludG9zaCBIRDpVc2VyczoAZ2JyZXNsZXI6AERvY3VtZW50czoAUGFwZXJzOgAxMjA3LjEzNjYucGRmAA4AHAANADEAMgAwADcALgAxADMANgA2AC4AcABkAGYADwAaAAwATQBhAGMAaQBuAHQAbwBzAGgAIABIAEQAEgAtVXNlcnMvZ2JyZXNsZXIvRG9jdW1lbnRzL1BhcGVycy8xMjA3LjEzNjYucGRmAAATAAEvAAAVAAIAD///AACABtIbHB0eWiRjbGFzc25hbWVYJGNsYXNzZXNdTlNNdXRhYmxlRGF0YaMdHyBWTlNEYXRhWE5TT2JqZWN00hscIiNcTlNEaWN0aW9uYXJ5oiIgXxAPTlNLZXllZEFyY2hpdmVy0SYnVHJvb3SAAQAIABEAGgAjAC0AMgA3AEAARgBNAFUAYABnAGoAbABuAHEAcwB1AHcAhACOAMEAxgDOAmACYgJnAnICewKJAo0ClAKdAqICrwKyAsQCxwLMAAAAAAAAAgEAAAAAAAAAKAAAAAAAAAAAAAAAAAAAAs4=}}

@article{anandkumar2012learning,
	Author = {Anandkumar, A. and Valluvan, R.},
	Date-Added = {2013-01-14 23:46:08 +0000},
	Date-Modified = {2013-01-14 23:46:08 +0000},
	Journal = {arXiv preprint arXiv:1203.3887},
	Title = {Learning loopy graphical models with latent variables: Efficient methods and guarantees},
	Year = {2012},
	Bdsk-File-1 = {YnBsaXN0MDDUAQIDBAUGJCVYJHZlcnNpb25YJG9iamVjdHNZJGFyY2hpdmVyVCR0b3ASAAGGoKgHCBMUFRYaIVUkbnVsbNMJCgsMDxJXTlMua2V5c1pOUy5vYmplY3RzViRjbGFzc6INDoACgAOiEBGABIAFgAdccmVsYXRpdmVQYXRoWWFsaWFzRGF0YV8QMC4uLy4uLy4uLy4uLy4uLy4uL0RvY3VtZW50cy9QYXBlcnMvMTIwMy4zODg3LnBkZtIXCxgZV05TLmRhdGFPEQGOAAAAAAGOAAIAAAxNYWNpbnRvc2ggSEQAAAAAAAAAAAAAAAAAAADJ5xy0SCsAAANbCb8NMTIwMy4zODg3LnBkZgAAAAAAAAAAAAAAAAAAAAAAAAAAAAAAAAAAAAAAAAAAAAAAAAAAAAAAAAAAAAAAAAAAA3MBpM0Z2MkAAAAAAAAAAAAGAAMAAAkgAAAAAAAAAAAAAAAAAAAABlBhcGVycwAQAAgAAMnnfyQAAAARAAgAAM0aSUkAAAABABADWwm/AAh7gwAIe3YAAJigAAIAPk1hY2ludG9zaCBIRDpVc2VyczoAZ2JyZXNsZXI6AERvY3VtZW50czoAUGFwZXJzOgAxMjAzLjM4ODcucGRmAA4AHAANADEAMgAwADMALgAzADgAOAA3AC4AcABkAGYADwAaAAwATQBhAGMAaQBuAHQAbwBzAGgAIABIAEQAEgAtVXNlcnMvZ2JyZXNsZXIvRG9jdW1lbnRzL1BhcGVycy8xMjAzLjM4ODcucGRmAAATAAEvAAAVAAIAD///AACABtIbHB0eWiRjbGFzc25hbWVYJGNsYXNzZXNdTlNNdXRhYmxlRGF0YaMdHyBWTlNEYXRhWE5TT2JqZWN00hscIiNcTlNEaWN0aW9uYXJ5oiIgXxAPTlNLZXllZEFyY2hpdmVy0SYnVHJvb3SAAQAIABEAGgAjAC0AMgA3AEAARgBNAFUAYABnAGoAbABuAHEAcwB1AHcAhACOAMEAxgDOAmACYgJnAnICewKJAo0ClAKdAqICrwKyAsQCxwLMAAAAAAAAAgEAAAAAAAAAKAAAAAAAAAAAAAAAAAAAAs4=}}

@article{choi2010learning,
	Author = {Choi, M. and Tan, V. and Anandkumar, A. and Willsky, A.},
	Date-Added = {2013-01-14 23:16:05 +0000},
	Date-Modified = {2014-11-03 20:26:46 +0000},
	Journal = {arXiv preprint arXiv:1009.2722},
	Title = {Learning latent tree graphical models},
	Year = {2010},
	Bdsk-File-1 = {YnBsaXN0MDDUAQIDBAUGJCVYJHZlcnNpb25YJG9iamVjdHNZJGFyY2hpdmVyVCR0b3ASAAGGoKgHCBMUFRYaIVUkbnVsbNMJCgsMDxJXTlMua2V5c1pOUy5vYmplY3RzViRjbGFzc6INDoACgAOiEBGABIAFgAdccmVsYXRpdmVQYXRoWWFsaWFzRGF0YV8QMC4uLy4uLy4uLy4uLy4uLy4uL0RvY3VtZW50cy9QYXBlcnMvMTAwOS4yNzIyLnBkZtIXCxgZV05TLmRhdGFPEQGOAAAAAAGOAAIAAAxNYWNpbnRvc2ggSEQAAAAAAAAAAAAAAAAAAADJ5xy0SCsAAANbCb8NMTAwOS4yNzIyLnBkZgAAAAAAAAAAAAAAAAAAAAAAAAAAAAAAAAAAAAAAAAAAAAAAAAAAAAAAAAAAAAAAAAAAA3Louc0Z0cUAAAAAAAAAAAAGAAMAAAkgAAAAAAAAAAAAAAAAAAAABlBhcGVycwAQAAgAAMnnfyQAAAARAAgAAM0aQkUAAAABABADWwm/AAh7gwAIe3YAAJigAAIAPk1hY2ludG9zaCBIRDpVc2VyczoAZ2JyZXNsZXI6AERvY3VtZW50czoAUGFwZXJzOgAxMDA5LjI3MjIucGRmAA4AHAANADEAMAAwADkALgAyADcAMgAyAC4AcABkAGYADwAaAAwATQBhAGMAaQBuAHQAbwBzAGgAIABIAEQAEgAtVXNlcnMvZ2JyZXNsZXIvRG9jdW1lbnRzL1BhcGVycy8xMDA5LjI3MjIucGRmAAATAAEvAAAVAAIAD///AACABtIbHB0eWiRjbGFzc25hbWVYJGNsYXNzZXNdTlNNdXRhYmxlRGF0YaMdHyBWTlNEYXRhWE5TT2JqZWN00hscIiNcTlNEaWN0aW9uYXJ5oiIgXxAPTlNLZXllZEFyY2hpdmVy0SYnVHJvb3SAAQAIABEAGgAjAC0AMgA3AEAARgBNAFUAYABnAGoAbABuAHEAcwB1AHcAhACOAMEAxgDOAmACYgJnAnICewKJAo0ClAKdAqICrwKyAsQCxwLMAAAAAAAAAgEAAAAAAAAAKAAAAAAAAAAAAAAAAAAAAs4=}}

@article{jalali2011learning,
	Author = {Jalali, A. and Johnson, C. and Ravikumar, P.},
	Date-Added = {2013-01-14 23:06:36 +0000},
	Date-Modified = {2013-01-14 23:06:36 +0000},
	Journal = {arXiv preprint arXiv:1107.3258},
	Title = {On learning discrete graphical models using greedy methods},
	Year = {2011},
	Bdsk-File-1 = {YnBsaXN0MDDUAQIDBAUGJCVYJHZlcnNpb25YJG9iamVjdHNZJGFyY2hpdmVyVCR0b3ASAAGGoKgHCBMUFRYaIVUkbnVsbNMJCgsMDxJXTlMua2V5c1pOUy5vYmplY3RzViRjbGFzc6INDoACgAOiEBGABIAFgAdccmVsYXRpdmVQYXRoWWFsaWFzRGF0YV8QMC4uLy4uLy4uLy4uLy4uLy4uL0RvY3VtZW50cy9QYXBlcnMvMTEwNy4zMjU4LnBkZtIXCxgZV05TLmRhdGFPEQGOAAAAAAGOAAIAAAxNYWNpbnRvc2ggSEQAAAAAAAAAAAAAAAAAAADJ5xy0SCsAAANbCb8NMTEwNy4zMjU4LnBkZgAAAAAAAAAAAAAAAAAAAAAAAAAAAAAAAAAAAAAAAAAAAAAAAAAAAAAAAAAAAAAAAAAAA3LnFs0Zz4wAAAAAAAAAAAAGAAMAAAkgAAAAAAAAAAAAAAAAAAAABlBhcGVycwAQAAgAAMnnfyQAAAARAAgAAM0aQAwAAAABABADWwm/AAh7gwAIe3YAAJigAAIAPk1hY2ludG9zaCBIRDpVc2VyczoAZ2JyZXNsZXI6AERvY3VtZW50czoAUGFwZXJzOgAxMTA3LjMyNTgucGRmAA4AHAANADEAMQAwADcALgAzADIANQA4AC4AcABkAGYADwAaAAwATQBhAGMAaQBuAHQAbwBzAGgAIABIAEQAEgAtVXNlcnMvZ2JyZXNsZXIvRG9jdW1lbnRzL1BhcGVycy8xMTA3LjMyNTgucGRmAAATAAEvAAAVAAIAD///AACABtIbHB0eWiRjbGFzc25hbWVYJGNsYXNzZXNdTlNNdXRhYmxlRGF0YaMdHyBWTlNEYXRhWE5TT2JqZWN00hscIiNcTlNEaWN0aW9uYXJ5oiIgXxAPTlNLZXllZEFyY2hpdmVy0SYnVHJvb3SAAQAIABEAGgAjAC0AMgA3AEAARgBNAFUAYABnAGoAbABuAHEAcwB1AHcAhACOAMEAxgDOAmACYgJnAnICewKJAo0ClAKdAqICrwKyAsQCxwLMAAAAAAAAAgEAAAAAAAAAKAAAAAAAAAAAAAAAAAAAAs4=}}

@article{anandkumar2012high,
	Author = {Anandkumar, A. and Tan, V. and Huang, F. and Willsky, A.},
	Date-Added = {2013-01-14 23:04:29 +0000},
	Date-Modified = {2014-11-03 20:26:31 +0000},
	Journal = {Annals of Stat.},
	Number = {3},
	Pages = {1346--1375},
	Publisher = {Institute of Mathematical Statistics},
	Title = {High-dimensional structure estimation in {I}sing models: Local separation criterion},
	Volume = {40},
	Year = {2012},
	Bdsk-File-1 = {YnBsaXN0MDDUAQIDBAUGJCVYJHZlcnNpb25YJG9iamVjdHNZJGFyY2hpdmVyVCR0b3ASAAGGoKgHCBMUFRYaIVUkbnVsbNMJCgsMDxJXTlMua2V5c1pOUy5vYmplY3RzViRjbGFzc6INDoACgAOiEBGABIAFgAdccmVsYXRpdmVQYXRoWWFsaWFzRGF0YV8QLC4uLy4uLy4uLy4uLy4uLy4uL0RvY3VtZW50cy9QYXBlcnMvSXNpbmcucGRm0hcLGBlXTlMuZGF0YU8RAX4AAAAAAX4AAgAADE1hY2ludG9zaCBIRAAAAAAAAAAAAAAAAAAAAMnnHLRIKwAAA1sJvwlJc2luZy5wZGYAAAAAAAAAAAAAAAAAAAAAAAAAAAAAAAAAAAAAAAAAAAAAAAAAAAAAAAAAAAAAAAAAAAAAAAADcuZDzRnPCQAAAAAAAAAAAAYAAwAACSAAAAAAAAAAAAAAAAAAAAAGUGFwZXJzABAACAAAyed/JAAAABEACAAAzRo/iQAAAAEAEANbCb8ACHuDAAh7dgAAmKAAAgA6TWFjaW50b3NoIEhEOlVzZXJzOgBnYnJlc2xlcjoARG9jdW1lbnRzOgBQYXBlcnM6AElzaW5nLnBkZgAOABQACQBJAHMAaQBuAGcALgBwAGQAZgAPABoADABNAGEAYwBpAG4AdABvAHMAaAAgAEgARAASAClVc2Vycy9nYnJlc2xlci9Eb2N1bWVudHMvUGFwZXJzL0lzaW5nLnBkZgAAEwABLwAAFQACAA///wAAgAbSGxwdHlokY2xhc3NuYW1lWCRjbGFzc2VzXU5TTXV0YWJsZURhdGGjHR8gVk5TRGF0YVhOU09iamVjdNIbHCIjXE5TRGljdGlvbmFyeaIiIF8QD05TS2V5ZWRBcmNoaXZlctEmJ1Ryb290gAEACAARABoAIwAtADIANwBAAEYATQBVAGAAZwBqAGwAbgBxAHMAdQB3AIQAjgC9AMIAygJMAk4CUwJeAmcCdQJ5AoACiQKOApsCngKwArMCuAAAAAAAAAIBAAAAAAAAACgAAAAAAAAAAAAAAAAAAAK6}}

@article{bogdanov2008complexity,
	Author = {Bogdanov, A. and Mossel, E. and Vadhan, S.},
	Date-Added = {2013-01-14 22:45:35 +0000},
	Date-Modified = {2013-05-30 18:38:51 +0000},
	Journal = {Approximation, Randomization and Combinatorial Optimization},
	Pages = {331--342},
	Publisher = {Springer},
	Title = {The complexity of distinguishing {M}arkov random fields},
	Year = {2008},
	Bdsk-File-1 = {YnBsaXN0MDDUAQIDBAUGJCVYJHZlcnNpb25YJG9iamVjdHNZJGFyY2hpdmVyVCR0b3ASAAGGoKgHCBMUFRYaIVUkbnVsbNMJCgsMDxJXTlMua2V5c1pOUy5vYmplY3RzViRjbGFzc6INDoACgAOiEBGABIAFgAdccmVsYXRpdmVQYXRoWWFsaWFzRGF0YV8QVi4uLy4uLy4uLy4uLy4uLy4uL0RvY3VtZW50cy9QYXBlcnMvQXNoaXNoX0dvZWxfQXBwcm94aW1hdGlvbl9SYW5kb21pemF0aW9uX2FuZF9Db20ucGRm0hcLGBlXTlMuZGF0YU8RAhIAAAAAAhIAAgAADE1hY2ludG9zaCBIRAAAAAAAAAAAAAAAAAAAAMnnHLRIKwAAA1sJvx9Bc2hpc2hfR29lbF9BcHByb3hpIzM3MkUyODYucGRmAAAAAAAAAAAAAAAAAAAAAAAAAAAAAAAAAAAAAAAAAAADcuKGzRnKtAAAAAAAAAAAAAYAAwAACSAAAAAAAAAAAAAAAAAAAAAGUGFwZXJzABAACAAAyed/JAAAABEACAAAzRo7NAAAAAEAEANbCb8ACHuDAAh7dgAAmKAAAgBQTWFjaW50b3NoIEhEOlVzZXJzOgBnYnJlc2xlcjoARG9jdW1lbnRzOgBQYXBlcnM6AEFzaGlzaF9Hb2VsX0FwcHJveGkjMzcyRTI4Ni5wZGYADgBoADMAQQBzAGgAaQBzAGgAXwBHAG8AZQBsAF8AQQBwAHAAcgBvAHgAaQBtAGEAdABpAG8AbgBfAFIAYQBuAGQAbwBtAGkAegBhAHQAaQBvAG4AXwBhAG4AZABfAEMAbwBtAC4AcABkAGYADwAaAAwATQBhAGMAaQBuAHQAbwBzAGgAIABIAEQAEgBTVXNlcnMvZ2JyZXNsZXIvRG9jdW1lbnRzL1BhcGVycy9Bc2hpc2hfR29lbF9BcHByb3hpbWF0aW9uX1JhbmRvbWl6YXRpb25fYW5kX0NvbS5wZGYAABMAAS8AABUAAgAP//8AAIAG0hscHR5aJGNsYXNzbmFtZVgkY2xhc3Nlc11OU011dGFibGVEYXRhox0fIFZOU0RhdGFYTlNPYmplY3TSGxwiI1xOU0RpY3Rpb25hcnmiIiBfEA9OU0tleWVkQXJjaGl2ZXLRJidUcm9vdIABAAgAEQAaACMALQAyADcAQABGAE0AVQBgAGcAagBsAG4AcQBzAHUAdwCEAI4A5wDsAPQDCgMMAxEDHAMlAzMDNwM+A0cDTANZA1wDbgNxA3YAAAAAAAACAQAAAAAAAAAoAAAAAAAAAAAAAAAAAAADeA==},
	Bdsk-File-2 = {YnBsaXN0MDDUAQIDBAUGJCVYJHZlcnNpb25YJG9iamVjdHNZJGFyY2hpdmVyVCR0b3ASAAGGoKgHCBMUFRYaIVUkbnVsbNMJCgsMDxJXTlMua2V5c1pOUy5vYmplY3RzViRjbGFzc6INDoACgAOiEBGABIAFgAdccmVsYXRpdmVQYXRoWWFsaWFzRGF0YV8QKi4uLy4uLy4uLy4uLy4uLy4uL0RvY3VtZW50cy9QYXBlcnMvbXJmLnBkZtIXCxgZV05TLmRhdGFPEQF2AAAAAAF2AAIAAAxNYWNpbnRvc2ggSEQAAAAAAAAAAAAAAAAAAADJ5xy0SCsAAANbCb8HbXJmLnBkZgAAAAAAAAAAAAAAAAAAAAAAAAAAAAAAAAAAAAAAAAAAAAAAAAAAAAAAAAAAAAAAAAAAAAAAAAAAA3Ljic0Zy3AAAAAAAAAAAAAGAAMAAAkgAAAAAAAAAAAAAAAAAAAABlBhcGVycwAQAAgAAMnnfyQAAAARAAgAAM0aO/AAAAABABADWwm/AAh7gwAIe3YAAJigAAIAOE1hY2ludG9zaCBIRDpVc2VyczoAZ2JyZXNsZXI6AERvY3VtZW50czoAUGFwZXJzOgBtcmYucGRmAA4AEAAHAG0AcgBmAC4AcABkAGYADwAaAAwATQBhAGMAaQBuAHQAbwBzAGgAIABIAEQAEgAnVXNlcnMvZ2JyZXNsZXIvRG9jdW1lbnRzL1BhcGVycy9tcmYucGRmAAATAAEvAAAVAAIAD///AACABtIbHB0eWiRjbGFzc25hbWVYJGNsYXNzZXNdTlNNdXRhYmxlRGF0YaMdHyBWTlNEYXRhWE5TT2JqZWN00hscIiNcTlNEaWN0aW9uYXJ5oiIgXxAPTlNLZXllZEFyY2hpdmVy0SYnVHJvb3SAAQAIABEAGgAjAC0AMgA3AEAARgBNAFUAYABnAGoAbABuAHEAcwB1AHcAhACOALsAwADIAkICRAJJAlQCXQJrAm8CdgJ/AoQCkQKUAqYCqQKuAAAAAAAAAgEAAAAAAAAAKAAAAAAAAAAAAAAAAAAAArA=}}

@inproceedings{LW12,
	Author = {Loh, P.L. and Wainwright, M.J.},
	Booktitle = {NIPS},
	Date-Added = {2013-01-14 22:30:50 +0000},
	Date-Modified = {2013-05-30 18:42:18 +0000},
	Journal = {arXiv preprint arXiv:1212.0478},
	Title = {Structure estimation for discrete graphical models: Generalized covariance matrices and their inverses},
	Year = {2012},
	Bdsk-File-1 = {YnBsaXN0MDDUAQIDBAUGJCVYJHZlcnNpb25YJG9iamVjdHNZJGFyY2hpdmVyVCR0b3ASAAGGoKgHCBMUFRYaIVUkbnVsbNMJCgsMDxJXTlMua2V5c1pOUy5vYmplY3RzViRjbGFzc6INDoACgAOiEBGABIAFgAdccmVsYXRpdmVQYXRoWWFsaWFzRGF0YV8QMC4uLy4uLy4uLy4uLy4uLy4uL0RvY3VtZW50cy9QYXBlcnMvMTIxMi4wNDc4LnBkZtIXCxgZV05TLmRhdGFPEQGOAAAAAAGOAAIAAAxNYWNpbnRvc2ggSEQAAAAAAAAAAAAAAAAAAADJ5xy0SCsAAANbCb8NMTIxMi4wNDc4LnBkZgAAAAAAAAAAAAAAAAAAAAAAAAAAAAAAAAAAAAAAAAAAAAAAAAAAAAAAAAAAAAAAAAAAA3Leks0ZxysAAAAAAAAAAAAGAAMAAAkgAAAAAAAAAAAAAAAAAAAABlBhcGVycwAQAAgAAMnnfyQAAAARAAgAAM0aN6sAAAABABADWwm/AAh7gwAIe3YAAJigAAIAPk1hY2ludG9zaCBIRDpVc2VyczoAZ2JyZXNsZXI6AERvY3VtZW50czoAUGFwZXJzOgAxMjEyLjA0NzgucGRmAA4AHAANADEAMgAxADIALgAwADQANwA4AC4AcABkAGYADwAaAAwATQBhAGMAaQBuAHQAbwBzAGgAIABIAEQAEgAtVXNlcnMvZ2JyZXNsZXIvRG9jdW1lbnRzL1BhcGVycy8xMjEyLjA0NzgucGRmAAATAAEvAAAVAAIAD///AACABtIbHB0eWiRjbGFzc25hbWVYJGNsYXNzZXNdTlNNdXRhYmxlRGF0YaMdHyBWTlNEYXRhWE5TT2JqZWN00hscIiNcTlNEaWN0aW9uYXJ5oiIgXxAPTlNLZXllZEFyY2hpdmVy0SYnVHJvb3SAAQAIABEAGgAjAC0AMgA3AEAARgBNAFUAYABnAGoAbABuAHEAcwB1AHcAhACOAMEAxgDOAmACYgJnAnICewKJAo0ClAKdAqICrwKyAsQCxwLMAAAAAAAAAgEAAAAAAAAAKAAAAAAAAAAAAAAAAAAAAs4=}}

@article{bandyopadhyay2008counting,
	Author = {Bandyopadhyay, A. and Gamarnik, D.},
	Date-Modified = {2014-11-02 05:33:46 +0000},
	Journal = {Random Structures \& Algorithms},
	Number = {4},
	Pages = {452--479},
	Publisher = {Wiley Online Library},
	Title = {Counting without sampling: Asymptotics of the log-partition function for certain statistical physics models},
	Volume = {33},
	Year = {2008}}

@article{gamarnik2006maximum,
	Author = {Gamarnik, D. and Nowicki, T. and Swirszcz, G.},
	Date-Modified = {2014-11-02 05:34:22 +0000},
	Journal = {Random Structures \& Algorithms},
	Number = {1},
	Pages = {76--106},
	Publisher = {Wiley Online Library},
	Title = {Maximum weight independent sets and matchings in sparse random graphs. Exact results using the local weak convergence method},
	Volume = {28},
	Year = {2006}}

@article{gamarnik2009correlation,
	Author = {Gamarnik, D. and Goldberg, D. and Weber, T.},
	Date-Modified = {2014-11-02 05:34:07 +0000},
	Journal = {arXiv preprint arXiv:0912.0338},
	Title = {Correlation decay in random decision networks},
	Year = {2009}}

@article{bhaskara2010detecting,
  Title={Detecting high log-densities: an $O(n^{1/4})$ approximation for densest $k$-subgraph},
  Author={Bhaskara, Aditya and Charikar, Moses and Chlamtac, Eden and Feige, Uriel and Vijayaraghavan, Aravindan},
  Journal={Proceedings of the forty-second ACM symposium on Theory of computing},
  Pages={201--210},
  Year={2010},
  Organization={ACM}
}

@article{gao2017sparse,
  title={Sparse CCA: Adaptive estimation and computational barriers},
  author={Gao, Chao and Ma, Zongming and Zhou, Harrison H},
  journal={The Annals of Statistics},
  volume={45},
  number={5},
  pages={2074--2101},
  year={2017},
  publisher={Institute of Mathematical Statistics}
}

@article{hopkins2017power,
  title={The power of sum-of-squares for detecting hidden structures},
  author={Hopkins, Samuel B and Kothari, Pravesh K and Potechin, Aaron and Raghavendra, Prasad and Schramm, Tselil and Steurer, David},
  journal={Proceedings of the fifty-eighth IEEE Foundations of Computer Science},
  pages = {720-731},
  year={2017},
  booktitle = {Foundations of Computer Science (FOCS), 2017 IEEE 58th Annual Symposium on},
  organization = {IEEE},
  pages = {720--731},
}

@article{pitman1997some,
  title={Some probabilistic aspects of set partitions},
  author={Pitman, Jim},
  journal={The American mathematical monthly},
  volume={104},
  number={3},
  pages={201--209},
  year={1997},
  publisher={JSTOR}
}

@article{feldman2015complexity,
  title={On the complexity of random satisfiability problems with planted solutions},
  author={Feldman, Vitaly and Perkins, Will and Vempala, Santosh},
  booktitle={Proceedings of the forty-seventh annual ACM symposium on Theory of computing},
  pages={77--86},
  year={2015},
  organization={ACM}
}

@article{barak2016nearly,
  title={A nearly tight sum-of-squares lower bound for the planted clique problem},
  author={Barak, Boaz and Hopkins, Samuel B and Kelner, Jonathan and Kothari, Pravesh and Moitra, Ankur and Potechin, Aaron},
  booktitle={Foundations of Computer Science (FOCS), 2016 IEEE 57th Annual Symposium on},
  pages={428--437},
  year={2016},
  organization={IEEE}
}

@article{meka2015sum,
  title={Sum-of-squares lower bounds for planted clique},
  author={Meka, Raghu and Potechin, Aaron and Wigderson, Avi},
  booktitle={Proceedings of the forty-seventh annual ACM symposium on Theory of computing},
  pages={87--96},
  year={2015},
  organization={ACM}
}

@article{deshpande2015improved,
  title={Improved sum-of-squares lower bounds for hidden clique and hidden submatrix problems},
  author={Deshpande, Yash and Montanari, Andrea},
  booktitle={Conference on Learning Theory},
  pages={523--562},
  year={2015}
}

@article{hopkins2016integrality,
  title={On the integrality gap of degree-4 sum of squares for planted clique},
  author={Hopkins, Samuel B and Kothari, Pravesh and Potechin, Aaron Henry and Raghavendra, Prasad and Schramm, Tselil},
  booktitle={Proceedings of the twenty-seventh annual ACM-SIAM symposium on Discrete algorithms},
  pages={1079--1095},
  year={2016},
  organization={SIAM}
}

@article{raghavendra2015tight,
  title={Tight lower bounds for planted clique in the degree-4 SOS program},
  author={Raghavendra, Prasad and Schramm, Tselil},
  journal={arXiv preprint arXiv:1507.05136},
  year={2015}
}

@article{hopkins2017bayesian,
  title={Bayesian estimation from few samples: community detection and related problems},
  author={Hopkins, Samuel B and Steurer, David},
  journal={arXiv preprint arXiv:1710.00264},
  year={2017}
}

@article{bogdanov2006average,
  title={Average-case complexity},
  author={Bogdanov, Andrej and Trevisan, Luca and others},
  journal={Foundations and Trends{\textregistered} in Theoretical Computer Science},
  volume={2},
  number={1},
  pages={1--106},
  year={2006},
  publisher={Now Publishers, Inc.}
}

@article{bogdanov2006worst,
  title={On worst-case to average-case reductions for NP problems},
  author={Bogdanov, Andrej and Trevisan, Luca},
  journal={SIAM Journal on Computing},
  volume={36},
  number={4},
  pages={1119--1159},
  year={2006},
  publisher={SIAM}
}

@article{balakrishnan2017computationally,
  title={Computationally efficient robust sparse estimation in high dimensions},
  author={Balakrishnan, Sivaraman and Du, Simon S and Li, Jerry and Singh, Aarti},
  booktitle={Conference on Learning Theory},
  pages={169--212},
  year={2017}
}

@article{li2017robust,
  title={Robust sparse estimation tasks in high dimensions},
  author={Li, Jerry},
  journal={arXiv preprint arXiv:1702.05860},
  year={2017}
}

@article{cai2013sparse,
  title={Sparse PCA: Optimal rates and adaptive estimation},
  author={Cai, T Tony and Ma, Zongming and Wu, Yihong and others},
  journal={The Annals of Statistics},
  volume={41},
  number={6},
  pages={3074--3110},
  year={2013},
  publisher={Institute of Mathematical Statistics}
}