@article{AuerCeFrSc02,
  title={The nonstochastic multiarmed bandit problem},
  author={Auer, Peter and Cesa-Bianchi, Nicolo and Freund, Yoav and Schapire, Robert E},
  journal={SIAM Journal on Computing},
  volume={32},
  number={1},
  pages={48--77},
  year={2002},
  publisher={SIAM}
}

@inproceedings{ahm15,
title={Online learning for adversaries with memory: price of past mistakes},
  author={Anava, Oren and Hazan, Elad and Mannor, Shie},
  booktitle={Advances in Neural Information Processing Systems},
  pages={784--792},
  year={2015}
} 

@article{bcb12,
  title={Regret analysis of stochastic and nonstochastic multi-armed bandit problems},
  author={Bubeck, S{\'e}bastien and Cesa-Bianchi, Nicolo and others},
  journal={Foundations and Trends{\textregistered} in Machine Learning},
  volume={5},
  number={1},
  pages={1--122},
  year={2012},
  publisher={Now Publishers, Inc.}
}

@inproceedings{cgmm16,
  title={Delay and cooperation in nonstochastic bandits},
  author={Cesa-Bianchi, Nicolo and Gentile, Claudio and Mansour, Yishay and Minora, Alberto},
  booktitle={Conference on Learning Theory},
  pages={605--622},
  year={2016}
}

@inproceedings{ddkp14,
  title={Online Learning with Composite Loss Functions},
  author={Dekel, Ofer and Ding, Jian and Koren, Tomer and Peres, Yuval},
  booktitle={Conference on Learning Theory},
  pages={1214--1231},
  year={2014}
}

@inproceedings{adt12,
  title={Online bandit learning against an adaptive adversary: from regret to policy regret},
  author={Arora, R. and Dekel, O. and Tewari, A. },
  booktitle={Proc. 29th ICML},
  year={2012}
}

@inproceedings{dhk14,
  title={The blinded bandit: Learning with adaptive feedback},
  author={Dekel, Ofer and Hazan, Elad and Koren, Tomer},
  booktitle={Advances in Neural Information Processing Systems},
  pages={1610--1618},
  year={2014}
}

@article{ahr12,
  title={ Interior-point methods for full-information and bandit online learning},
  author={Abernethy, J.D. and  Hazan, E. and Rakhlin, A.},
  journal={IEEE Transactions on Information Theory},
  volume={58},
  number={7},
  pages={4164--4175},
  year={2012} 
}

@article{cesa2012combinatorial,
  title={Combinatorial bandits},
  author={Cesa-Bianchi, Nicolo and Lugosi, G{\'a}bor},
  journal={Journal of Computer and System Sciences},
  volume={78},
  number={5},
  pages={1404--1422},
  year={2012},
  publisher={Elsevier}
}

@inproceedings{bubeck2012towards,
  title={Towards minimax policies for online linear optimization with bandit feedback},
  author={Bubeck, S{\'e}bastien and Cesa-Bianchi, Nicolo and Kakade, Sham},
  booktitle={Annual Conference on Learning Theory},
  volume={23},
  pages={41.1--41.14},
  year={2012},
  organization={Microtome}
}

@inproceedings{koolen2010hedging,
  title={Hedging Structured Concepts.},
  author={Koolen, Wouter M and Warmuth, Manfred K and Kivinen, Jyrki},
  booktitle={The 23rd Conference on Learning Theory},
  pages={93--105},
  year={2010},
  publisher={Omnipress}
}

@inproceedings{dani2008price,
  title={The price of bandit information for online optimization},
  author={Dani, Varsha and Kakade, Sham M and Hayes, Thomas P},
  booktitle={Advances in Neural Information Processing Systems},
  pages={345--352},
  year={2008}
}

@inproceedings{st11,
  title={Improved Regret Guarantees for Online Smooth Convex Optimization with Bandit Feedback},
  author={Saha, A. and Tewari, A.},
  booktitle={Proceedings of the Fourteenth International Conference on Artificial Intelligence and Statistics},
  pages={636--642},
  year={2011}
}

@article{hazan16,
title={Introduction to Online Convex Optimization },
  author={Hazan, Elad},
  journal={Foundations and Trends{\textregistered} in Optimization},
  volume={2},
  number = {3--4},
  pages={157--325},
  year={2016},
  publisher={Now Publishers, Inc.}
}

@article{pike2017bandits,
  title={Bandits with Delayed Anonymous Feedback},
  author={Pike-Burke, Ciara and Agrawal, Shipra and Szepesvari, Csaba and Grunewalder, Steffen},
  journal={arXiv preprint arXiv:1709.06853},
  year={2017}
}

@inproceedings{joulani2013online,
  title={Online learning under delayed feedback},
  author={Joulani, Pooria and Gyorgy, Andras and Szepesv{\'a}ri, Csaba},
  booktitle={International Conference on Machine Learning},
  pages={1453--1461},
  year={2013}
}

@inproceedings{neu2010online,
  title={Online {M}arkov decision processes under bandit feedback},
author = {Neu, Gergely and Andras Antos and Gy\"{o}rgy, Andr\'{a}s and Csaba Szepesv\'{a}ri},
booktitle = {Advances in Neural Information Processing Systems 23},
pages = {1804--1812},
year = {2010},
publisher = {Curran Associates, Inc.}
}

@inproceedings{joulani2016delay,
  title={Delay-Tolerant Online Convex Optimization: Unified Analysis and Adaptive-Gradient Algorithms.},
  author={Joulani, Pooria and Gy{\"o}rgy, Andr{\'a}s and Szepesv{\'a}ri, Csaba},
  booktitle={AAAI},
  volume={16},
  pages={1744--1750},
  year={2016}
}

@article{khashabi2016adversarial,
  title={Adversarial Delays in Online Strongly-Convex Optimization},
  author={Khashabi, Daniel and Quanrud, Kent and Taghvaei, Amirhossein},
  journal={arXiv preprint arXiv:1605.06201},
  year={2016}
}

@inproceedings{quanrud2015online,
  title={Online learning with adversarial delays},
  author={Quanrud, Kent and Khashabi, Daniel},
  booktitle={Advances in Neural Information Processing Systems},
  pages={1270--1278},
  year={2015}
}

@inproceedings{shamir2017online,
  title={Online Learning with Local Permutations and Delayed Feedback},
  author={Shamir, O. and Szlak, L.},
  booktitle={Proc. 34th ICML},
  year={2017}
}

@article{weinberger2002delayed,
  title={On delayed prediction of individual sequences},
  author={Weinberger, Marcelo J and Ordentlich, Erik},
  journal={IEEE Transactions on Information Theory},
  volume={48},
  number={7},
  pages={1959--1976},
  year={2002},
  publisher={IEEE}
}

@inproceedings{mesterharm2005line,
  title={On-line learning with delayed label feedback},
  author={Mesterharm, Chris},
  booktitle={Algorithmic Learning Theory},
  pages={399--413},
  year={2005},
  organization={Springer}
}

@article{langford2009slow,
  title={Slow learners are fast},
  author={Langford, John and Smola, Alexander J and Zinkevich, Martin},
  journal={Advances in Neural Information Processing Systems},
  volume={22},
  pages={2331--2339},
  year={2009}
}

@inproceedings{mandel2015queue,
  title={The Queue Method: Handling Delay, Heuristics, Prior Data, and Evaluation in Bandits.},
  author={Mandel, Travis and Liu, Yun-En and Brunskill, Emma and Popovic, Zoran},
  booktitle={AAAI},
  pages={2849--2856},
  year={2015}
}

@article{garrabrant2016asymptotic,
  title={Asymptotic Convergence in Online Learning with Unbounded Delays},
  author={Garrabrant, Scott and Soares, Nate and Taylor, Jessica},
  journal={arXiv preprint arXiv:1604.05280},
  year={2016}
}

@inproceedings{shamir2015complexity,
  title={On the complexity of bandit linear optimization},
  author={Shamir, Ohad},
  booktitle={Conference on Learning Theory},
  pages={1523--1551},
  year={2015}
}

@inproceedings{VernadeCP17,
  author    = {Claire Vernade and
               Olivier Capp{\'{e}} and
               Vianney Perchet},
  title     = {Stochastic Bandit Models for Delayed Conversions},
  booktitle = {Proceedings of the Thirty-Third Conference on Uncertainty in Artificial
               Intelligence, {UAI}},
  year      = {2017}
}

@inproceedings{allenberg2006hannan,
  title={Hannan consistency in on-line learning in case of unbounded losses under partial monitoring},
  author={Allenberg, Chamy and Auer, Peter and Gy{\"o}rfi, L{\'a}szl{\'o} and Ottucs{\'a}k, Gy{\"o}rgy},
  booktitle={International Conference on Algorithmic Learning Theory},
  pages={229--243},
  year={2006},
  organization={Springer}
}
