@article{allen2017neon2,
  title={Neon2: Finding Local Minima via First-Order Oracles},
  author={Allen-Zhu, Zeyuan and Li, Yuanzhi},
  journal={arXiv preprint arXiv:1711.06673},
  year={2017}
}

@article{xu2017neon+,
  title={NEON+: Accelerated Gradient Methods for Extracting Negative Curvature for Non-Convex Optimization},
  author={Xu, Yi and Jin, Rong and Yang, Tianbao},
  journal={arXiv preprint arXiv:1712.01033},
  year={2017}
}


@inproceedings{sutskever2013importance,
  title={On the importance of initialization and momentum in deep learning},
  author={Sutskever, Ilya and Martens, James and Dahl, George and Hinton, Geoffrey},
  booktitle={International conference on machine learning},
  pages={1139--1147},
  year={2013}
}


@article{carmon2017lower,
  title={Lower Bounds for Finding Stationary Points II: First-Order Methods},
  author={Carmon, Yair and Duchi, John C and Hinder, Oliver and Sidford, Aaron},
  journal={arXiv preprint arXiv:1711.00841},
  year={2017}
}


@article{li2017provable,
  title={Provable Accelerated Gradient Method for Nonconvex Low Rank Optimization},
  author={Li, Huan and Lin, Zhouchen},
  journal={arXiv preprint arXiv:1702.04959},
  year={2017}
}

@article{necoara2015linear,
  title={Linear convergence of first order methods for non-strongly convex optimization},
  author={Necoara, Ion and Nesterov, Yurii and Glineur, Francois},
  journal={arXiv preprint arXiv:1504.06298},
  year={2015}
}

@article{allen2014linear,
  title={Linear coupling: An ultimate unification of gradient and mirror descent},
  author={Allen-Zhu, Zeyuan and Orecchia, Lorenzo},
  journal={arXiv preprint arXiv:1407.1537},
  year={2014}
}

@article{o2017behavior,
	title={Behavior of Accelerated Gradient Methods Near Critical Points of Nonconvex Problems},
	author={O'Neill, Michael and Wright, Stephen J},
	journal={arXiv preprint arXiv:1706.07993},
	year={2017}
}

@article{bubeck2015geometric,
  title={A geometric alternative to {N}esterov's accelerated gradient descent},
  author={Bubeck, S{\'e}bastien and Lee, Yin Tat and Singh, Mohit},
  journal={arXiv preprint arXiv:1506.08187},
  year={2015}
}


@article{royer2017complexity,
  title={Complexity analysis of second-order line-search algorithms for smooth nonconvex optimization},
  author={Royer, Cl{\'e}ment W and Wright, Stephen J},
  journal={arXiv preprint arXiv:1706.03131},
  year={2017}
}


@article{wibisono2016,
  title={A variational perspective on accelerated methods in optimization},  
  journal={Proceedings of the National Academy of Sciences}, 
  author={Wibisono, A. and Wilson, Ashia C and Jordan, Michael I},
  volume={133}, 
  pages={E7351-E7358},
  year={2016}
}

@article{wilson2016lyapunov,
  title={A {L}yapunov analysis of momentum methods in optimization},
  author={Wilson, Ashia C and Recht, Benjamin and Jordan, Michael I},
  journal={arXiv preprint arXiv:1611.02635},
  year={2016}
}

@inproceedings{jin2017escape,
  title={How to Escape Saddle Points Efficiently},
  author={Jin, Chi and Ge, Rong and Netrapalli, Praneeth and Kakade, Sham M and Jordan, Michael I},
  booktitle={International Conference on Machine Learning (ICML)},
  year={2017}
}

@article{carmon2017convex,
  title={Convex until {P}roven {G}uilty: Dimension-Free Acceleration of Gradient Descent on Non-Convex Functions},
  author={Carmon, Yair and Hinder, Oliver and Duchi, John C and Sidford, Aaron},
  journal={arXiv preprint arXiv:1705.02766},
  year={2017}
}

@article{su2016differential,
	title={A differential equation for modeling {N}esterov's accelerated gradient method: theory and insights},
	author={Su, Weijie and Boyd, Stephen and Candes, Emmanuel J},
	journal={Journal of Machine Learning Research},
	volume={17},
	number={153},
	pages={1--43},
	year={2016}
}

@article{harman2010decompositional,
  title={On decompositional algorithms for uniform sampling from n-spheres and n-balls},
  author={Harman, Radoslav and Lacko, Vladim{\'\i}r},
  journal={Journal of Multivariate Analysis},
  volume={101},
  number={10},
  pages={2297--2304},
  year={2010},
  publisher={Elsevier}
}

@inproceedings{karimi2016linear,
  title={Linear convergence of gradient and proximal-gradient methods under the {P}olyak-{L}ojasiewicz condition},
  author={Karimi, Hamed and Nutini, Julie and Schmidt, Mark},
  booktitle={Joint European Conference on Machine Learning and Knowledge Discovery in Databases},
  pages={795--811},
  year={2016},
  organization={Springer}
}


@article{ge2017no,
	title={No Spurious Local Minima in Nonconvex Low Rank Problems: A Unified Geometric Analysis},
	author={Ge, Rong and Jin, Chi and Zheng, Yi},
	journal={arXiv preprint arXiv:1704.00708},
	year={2017}
}

@inproceedings{bhojanapalli2016global,
	title={Global optimality of local search for low rank matrix recovery},
	author={Bhojanapalli, Srinadh and Neyshabur, Behnam and Srebro, Nati},
	booktitle={Advances in Neural Information Processing Systems},
	pages={3873--3881},
	year={2016}
}

@inproceedings{park2016non,
  title={Non-square matrix sensing without spurious local minima via the Burer-Monteiro approach},
  author={Park, Dohyung and Kyrillidis, Anastasios and Caramanis, Constantine and Sanghavi, Sujay},
	booktitle={International Conference on
	Artificial Intelligence and Statistics (AISTATS)},
	pages={65--74},
	year={2017}
}

@inproceedings{ge2016matrix,
  title={Matrix completion has no spurious local minimum},
  author={Ge, Rong and Lee, Jason D and Ma, Tengyu},
  booktitle={Advances in Neural Information Processing Systems},
  pages={2973--2981},
  year={2016}
}

@inproceedings{sun2016geometric,
  title={A geometric analysis of phase retrieval},
  author={Sun, Ju and Qu, Qing and Wright, John},
  booktitle={Information Theory (ISIT), 2016 IEEE International Symposium on},
  pages={2379--2383},
  year={2016},
  organization={IEEE}
}


@article{sun2016complete,
  title={Complete dictionary recovery over the sphere I: Overview and the geometric picture},
  author={Sun, Ju and Qu, Qing and Wright, John},
  journal={IEEE Transactions on Information Theory},
  year={2016},
  publisher={IEEE}
}

@inproceedings{lee2016gradient,
  title={Gradient descent only converges to minimizers},
  author={Lee, Jason D and Simchowitz, Max and Jordan, Michael I and Recht, Benjamin},
  booktitle={Conference on Learning Theory},
  pages={1246--1257},
  year={2016}
}

@inproceedings{kawaguchi2016deep,
  title={Deep learning without poor local minima},
  author={Kawaguchi, Kenji},
  booktitle={Advances In Neural Information Processing Systems},
  pages={586--594},
  year={2016}
}

@article{zheng2016convergence,
  title={Convergence Analysis for Rectangular Matrix Completion Using Burer-Monteiro Factorization and Gradient Descent},
  author={Zheng, Qinqing and Lafferty, John},
  journal={arXiv preprint arXiv:1605.07051},
  year={2016}
}

@article{candes2011tight,
  title={Tight oracle inequalities for low-rank matrix recovery from a minimal number of noisy random measurements},
  author={Candes, Emmanuel J and Plan, Yaniv},
  journal={IEEE Transactions on Information Theory},
  volume={57},
  number={4},
  pages={2342--2359},
  year={2011},
  publisher={IEEE}
}

@article{nesterov2006cubic,
  title={Cubic regularization of {N}ewton method and its global performance},
  author={Nesterov, Yurii and Polyak, Boris T},
  journal={Mathematical Programming},
  volume={108},
  number={1},
  pages={177--205},
  year={2006},
  publisher={Springer}
}

@inproceedings{ge2015escaping,
	Author = {Ge, Rong and Huang, Furong and Jin, Chi and Yuan, Yang},
	booktitle = {Conference on Computational Learning Theory (COLT)},
	Title = {Escaping From Saddle Points---Online Stochastic Gradient for Tensor Decomposition},
	Year = {2015}}

@article{levy2016power,
  title={The Power of Normalization: Faster Evasion of Saddle Points},
  author={Levy, Kfir Y},
  journal={arXiv preprint arXiv:1611.04831},
  year={2016}
}

@article{carmon2016accelerated,
  title={Accelerated Methods for Non-Convex Optimization},
  author={Carmon, Yair and Duchi, John C and Hinder, Oliver and Sidford, Aaron},
  journal={arXiv preprint arXiv:1611.00756},
  year={2016}
}


@article{carmon2016gradient,
  title={Gradient Descent Efficiently Finds the Cubic-Regularized Non-Convex {N}ewton Step},
  author={Carmon, Yair and Duchi, John C},
  journal={arXiv preprint arXiv:1612.00547},
  year={2016}
}

@article{curtis2014trust,
  title={A trust region algorithm with a worst-case iteration complexity of $O(\epsilon^{-3/2})$ for nonconvex optimization},
  author={Curtis, Frank E and Robinson, Daniel P and Samadi, Mohammadreza},
  journal={Mathematical Programming},
  pages={1--32},
  year={2014},
  publisher={Springer}
}

@article{sun2016guaranteed,
  title={Guaranteed matrix completion via non-convex factorization},
  author={Sun, Ruoyu and Luo, Zhi-Quan},
  journal={IEEE Transactions on Information Theory},
  volume={62},
  number={11},
  pages={6535--6579},
  year={2016},
  publisher={IEEE}
}

@inproceedings{netrapalli2013phase,
  title={Phase retrieval using alternating minimization},
  author={Netrapalli, Praneeth and Jain, Prateek and Sanghavi, Sujay},
  booktitle={Advances in Neural Information Processing Systems},
  pages={2796--2804},
  year={2013}
}


@article{candes2015phase,
  title={Phase retrieval via Wirtinger flow: Theory and algorithms},
  author={Candes, Emmanuel J and Li, Xiaodong and Soltanolkotabi, Mahdi},
  journal={IEEE Transactions on Information Theory},
  volume={61},
  number={4},
  pages={1985--2007},
  year={2015},
  publisher={IEEE}
}


@article{jain2015computing,
  title={Computing matrix squareroot via non convex local search},
  author={Jain, Prateek and Jin, Chi and Kakade, Sham M and Netrapalli, Praneeth},
  journal={arXiv preprint arXiv:1507.05854},
  year={2015}
}

@article{bubeck2015convex,
  title={Convex optimization: Algorithms and complexity},
  author={Bubeck, S{\'e}bastien and others},
  journal={Foundations and Trends{\textregistered} in Machine Learning},
  volume={8},
  number={3-4},
  pages={231--357},
  year={2015},
  publisher={Now Publishers, Inc.}
}

@article{nesterov1983method,
	title={A method of solving a convex programming problem with convergence rate O (1/k2)},
	author={Nesterov, Yurii},
	journal={Soviet Mathematics Doklady},
	volume={27},
	pages={372--376},
	year={1983}
}

@article{nemirovskii1983problem,
	title={Problem complexity and method efficiency in optimization},
	author={Nemirovskii, Arkadii and Yudin, David Borisovich and Dawson, Edgar Ronald},
	year={1983},
	publisher={Wiley}
}

@book{nesterov1998introductory,
  title={Introductory Lectures on Convex Programming Volume {I}: Basic course},
  author={Nesterov, Yurii},
  year={1998},
  publisher={Springer}
}


@article{polyak1963gradient,
  title={Gradient methods for the minimisation of functionals},
  author={Polyak, Boris T},
  journal={USSR Computational Mathematics and Mathematical Physics},
  volume={3},
  number={4},
  pages={864--878},
  year={1963},
  publisher={Elsevier}
}





@book{nesterov2004introductory,
  title={Introductory Lectures on Convex Optimization},
  author={Nesterov, Yurii},
  volume={87},
  year={2004},
  publisher={Springer Science \& Business Media}
}

@inproceedings{shalev2009stochastic,
  title={Stochastic convex optimization},
  author={Shalev-Shwartz, Shai and Shamir, Ohad and Sridharan, Karthik and Srebro, Nathan},
  booktitle = {Conference on Learning Theory (COLT)},
  year={2009}
}

@InProceedings{ICML2012Rakhlin_261,
  author =    {Alexander Rakhlin and Ohad Shamir and Karthik Sridharan},
  title =     {Making Gradient Descent Optimal for Strongly Convex Stochastic Optimization},
  booktitle =    {ICML},
  year =      {2012},
  pages=      {449--456},
}

@inproceedings{dauphin2014identifying,
  title={Identifying and attacking the saddle point problem in high-dimensional non-convex optimization},
  author={Dauphin, Yann N and Pascanu, Razvan and Gulcehre, Caglar and Cho, Kyunghyun and Ganguli, Surya and Bengio, Yoshua},
  booktitle={Advances in Neural Information Processing Systems},
  pages={2933--2941},
  year={2014}
}

@book{pardalos1993complexity,
  title={Complexity in numerical optimization},
  author={Pardalos, Panos M},
  year={1993},
  publisher={World Scientific}
}

@article{JMLR:v15:anandkumar14b,
  author  = {Animashree Anandkumar and Rong Ge and Daniel Hsu and Sham M. Kakade and Matus Telgarsky},
  title   = {Tensor Decompositions for Learning Latent Variable Models},
  journal = {Journal of Machine Learning Research},
  year    = {2014},
  volume  = {15},
  pages   = {2773-2832},
}
@article{mangasarian1965pseudo,
  title={Pseudo-convex functions},
  author={Mangasarian, Olvi L},
  journal={Journal of the Society for Industrial \& Applied Mathematics, Series A: Control},
  volume={3},
  number={2},
  pages={281--290},
  year={1965},
  publisher={SIAM}
}

@article{kiwiel2001convergence,
  title={Convergence and efficiency of subgradient methods for quasiconvex minimization},
  author={Kiwiel, Krzysztof C},
  journal={Mathematical programming},
  volume={90},
  number={1},
  pages={1--25},
  year={2001},
  publisher={Springer}
}

@article{hanson1999invexity,
  title={Invexity and the Kuhn--Tucker theorem},
  author={Hanson, Morgan A},
  journal={Journal of mathematical analysis and applications},
  volume={236},
  number={2},
  pages={594--604},
  year={1999},
  publisher={Elsevier}
}

@inproceedings{agarwal2010fast,
  title={Fast global convergence rates of gradient methods for high-dimensional statistical recovery},
  author={Agarwal, Alekh and Negahban, Sahand and Wainwright, Martin J},
  booktitle={Advances in Neural Information Processing Systems},
  pages={37--45},
  year={2010}
}

@inproceedings{frieze1996learning,
  title={Learning linear transformations},
  author={Frieze, Alan and Jerrum, Mark and Kannan, Ravi},
  booktitle={2013 IEEE 54th Annual Symposium on Foundations of Computer Science},
  pages={359--359},
  year={1996},
}

@article{saad1995line,
  title={On-line learning in soft committee machines},
  author={Saad, David and Solla, Sara A},
  journal={Physical Review E},
  volume={52},
  number={4},
  pages={4225},
  year={1995},
  publisher={APS}
}

@article{rattray1998natural,
  title={Natural gradient descent for on-line learning},
  author={Rattray, Magnus and Saad, David and Amari, Shun-ichi},
  journal={Physical review letters},
  volume={81},
  number={24},
  pages={5461},
  year={1998},
  publisher={APS}
}

@article{inoue2003line,
  title={On-Line Learning Theory of Soft Committee Machines with Correlated Hidden Units--Steepest Gradient Descent and Natural Gradient Descent--},
  author={Inoue, Masato and Park, Hyeyoung and Okada, Masato},
  journal={Journal of the Physical Society of Japan},
  volume={72},
  number={4},
  pages={805--810},
  year={2003},
  publisher={The Physical Society of Japan}
}

@article{choromanska2014loss,
  title={The Loss Surface of Multilayer Networks},
  author={Choromanska, Anna and Henaff, Mikael and Mathieu, Michael and Arous, G{\'e}rard Ben and LeCun, Yann},
  journal={arXiv:1412.0233},
  year={2014}
}

@book{icabook,
  title={Independent component analysis},
  author={Hyv{\"a}rinen, Aapo and Karhunen, Juha and Oja, Erkki},
  volume={46},
  year={2004},
  publisher={John Wiley \& Sons}
}


@book{wright1999numerical,
  title={Numerical optimization},
  author={Wright, Stephen J and Nocedal, Jorge},
  volume={2},
  year={1999},
  publisher={Springer New York}
}



@article{johnson1988easy,
  title={How easy is local search?},
  author={Johnson, David S and Papadimitriou, Christos H and Yannakakis, Mihalis},
  journal={Journal of computer and system sciences},
  volume={37},
  number={1},
  pages={79--100},
  year={1988},
  publisher={Elsevier}
}

@article{rumelhart1988learning,
  title={Learning representations by back-propagating errors},
  author={Rumelhart, David E and Hinton, Geoffrey E and Williams, Ronald J},
  journal={Cognitive modeling},
  volume={5},
  year={1988}
}

@article{bengio2009learning,
  title={Learning deep architectures for {AI}},
  author={Bengio, Yoshua},
  journal={Foundations and trends{\textregistered} in Machine Learning},
  volume={2},
  number={1},
  pages={1--127},
  year={2009},
  publisher={Now Publishers Inc.}
}

@inproceedings{hsu2013learning,
  title={Learning mixtures of spherical gaussians: moment methods and spectral decompositions},
  author={Hsu, Daniel and Kakade, Sham M},
  booktitle={Proceedings of the 4th conference on Innovations in Theoretical Computer Science},
  pages={11--20},
  year={2013},
  organization={ACM}
}

@inproceedings{arora2012provable,
  title={Provable {ICA} with unknown Gaussian noise, with implications for Gaussian mixtures and autoencoders},
  author={Arora, Sanjeev and Ge, Rong and Moitra, Ankur and Sachdeva, Sushant},
  booktitle={Advances in Neural Information Processing Systems},
  pages={2375--2383},
  year={2012}
}

@article{olshausen1997sparse,
  title={Sparse coding with an overcomplete basis set: {A} strategy employed by {V}1?},
  author={Olshausen, Bruno A and Field, David J},
  journal={Vision research},
  volume={37},
  number={23},
  pages={3311--3325},
  year={1997},
  publisher={Elsevier}
}

@inproceedings{jain2013low,
  title={Low-rank matrix completion using alternating minimization},
  author={Jain, Prateek and Netrapalli, Praneeth and Sanghavi, Sujay},
  booktitle={Proceedings of the forty-fifth annual ACM symposium on Theory of computing},
  pages={665--674},
  year={2013},
}

@article{saxe2013exact,
  title={Exact solutions to the nonlinear dynamics of learning in deep linear neural networks},
  author={Saxe, Andrew M and McClelland, James L and Ganguli, Surya},
  journal={arXiv:1312.6120},
  year={2013}
}

@article{harshman1970foundations,
  title={Foundations of the {PARAFAC} procedure: {M}odels and conditions for an ``explanatory" multi-modal factor analysis},
  author={Harshman, Richard A},
  year={1970},
  journal = {UCLA Working Papers in Phonetics},
  number = {1},
  pages = {84},
  volume = {16},
  publisher={University of California at Los Angeles}
}

@article{kolda2001orthogonal,
  title={Orthogonal tensor decompositions},
  author={Kolda, Tamara G},
  journal={SIAM Journal on Matrix Analysis and Applications},
  volume={23},
  number={1},
  pages={243--255},
  year={2001},
  publisher={SIAM}
}

@article{comon2002tensor,
  title={Tensor decompositions},
  author={P. Comon},
  journal={Mathematics in Signal Processing V},
  pages={1--24},
  year={2002},
  publisher={Oxford, UK: Clarendon}
}

@article{huang2013fast,
  title={Fast Detection of Overlapping Communities via Online Tensor Methods},
  author={Huang, Furong and Niranjan, UN and Hakeem, Mohammad Umar and Anandkumar, Animashree},
  journal={arXiv:1309.0787},
  year={2013}
}

@inproceedings{zou2013contrastive,
  title={Contrastive Learning Using Spectral Methods},
  author={J. Y. Zou and D. Hsu and D. C. Parkes and R. P. Adams},
  booktitle={Advances in Neural Information Processing Systems},
  pages={2238--2246},
  year={2013}
}

@article{comon2009tensor,
  title={Tensor decompositions, alternating least squares and other tales},
  author={Comon, Pierre and Luciani, Xavier and De Almeida, Andr{\'e} LF},
  journal={Journal of Chemometrics},
  volume={23},
  number={7-8},
  pages={393--405},
  year={2009},
  publisher={Wiley Online Library}
}

@inproceedings{hyvarinen1999fast,
  title={Fast {ICA} for noisy data using Gaussian moments},
  author={Hyvarinen, Aapo},
  booktitle={Circuits and Systems},
  volume={5},
  pages={57--61},
  year={1999},
}

@inproceedings{cardoso1989source,
  title={Source separation using higher order moments},
  author={Cardoso, J-F},
  booktitle={Acoustics, Speech, and Signal Processing},
  pages={2109--2112},
  year={1989},
  organization={IEEE}
}

@article{azuma1967weighted,
  title={Weighted sums of certain dependent random variables},
  author={Azuma, Kazuoki},
  journal={Tohoku Mathematical Journal, Second Series},
  volume={19},
  number={3},
  pages={357--367},
  year={1967},
}

@book{boyd2004convex,
  title={Convex optimization},
  author={Boyd, Stephen and Vandenberghe, Lieven},
  year={2004},
  publisher={Cambridge university press}
}

@inproceedings{boumal2016non,
	title={The non-convex {B}urer-{M}onteiro approach works on smooth semidefinite programs},
	author={Boumal, Nicolas and Voroninski, Vlad and Bandeira, Afonso},
	booktitle={Advances in Neural Information Processing Systems},
	pages={2757--2765},
	year={2016}
}

@inproceedings{bandeira2016low,
	title={On the low-rank approach for semidefinite programs arising in synchronization and community detection},
	author={Bandeira, Afonso S and Boumal, Nicolas and Voroninski, Vladislav},
	booktitle={Conference on Learning Theory},
	pages={361--382},
	year={2016}
}

@inproceedings{mei2017solving,
	title={Solving {SDP}s for synchronization and MaxCut problems via the {G}rothendieck inequality},
	author={Mei, Song and Misiakiewicz, Theodor and Montanari, Andrea and Oliveira, Roberto I},
	booktitle={Conference on Learning Theory (COLT)},
	pages={1476--1515},
	year={2017}
}

@article{cauchy1847,
	title={M\'ethode g\'en\'erale pour la r\'esolution des syst\'emes d'\'equations simultanees},
	author={Louis Augustin Cauchy},
	journal={C. R. Acad. Sci. Paris},
	year={1847}
}

AGD variants

@article{nesterov2012efficiency,
	title={Efficiency of coordinate descent methods on huge-scale optimization problems},
	author={Nesterov, Yurii},
	journal={SIAM Journal on Optimization},
	volume={22},
	number={2},
	pages={341--362},
	year={2012},
	publisher={SIAM}
}

@inproceedings{lee2013efficient,
	title={Efficient accelerated coordinate descent methods and faster algorithms for solving linear systems},
	author={Lee, Yin Tat and Sidford, Aaron},
	booktitle={Foundations of Computer Science (FOCS)},
	pages={147--156},
	year={2013},
	organization={IEEE}
}

@article{beck2009fast,
	title={A fast iterative shrinkage-thresholding algorithm for linear inverse problems},
	author={Beck, Amir and Teboulle, Marc},
	journal={SIAM Journal on Imaging Sciences},
	volume={2},
	number={1},
	pages={183--202},
	year={2009},
	publisher={SIAM}
}

@inproceedings{shalev2014accelerated,
	title={Accelerated proximal stochastic dual coordinate ascent for regularized loss minimization},
	author={Shalev-Shwartz, Shai and Zhang, Tong},
	booktitle={International Conference on Machine Learning (ICML)},
	pages={64--72},
	year={2014}
}

@article{jain2017accelerating,
	title={Accelerating Stochastic Gradient Descent},
	author={Jain, Prateek and Kakade, Sham M and Kidambi, Rahul and Netrapalli, Praneeth and Sidford, Aaron},
	journal={arXiv preprint arXiv:1704.08227},
	year={2017}
}

@article{cartis2010complexity,
	title={On the complexity of steepest descent, {N}ewton's and regularized {N}ewton's methods for nonconvex unconstrained optimization problems},
	author={Cartis, Coralia and Gould, Nicholas and Toint, Ph L},
	journal={Siam journal on optimization},
	volume={20},
	number={6},
	pages={2833--2852},
	year={2010},
	publisher={SIAM}
}

@article{ghadimi2016accelerated,
	title={Accelerated gradient methods for nonconvex nonlinear and stochastic programming},
	author={Ghadimi, Saeed and Lan, Guanghui},
	journal={Mathematical Programming},
	volume={156},
	number={1-2},
	pages={59--99},
	year={2016},
	publisher={Springer}
}

@article{bray2007statistics,
	title={Statistics of critical points of gaussian fields on large-dimensional spaces},
	author={Bray, Alan J and Dean, David S},
	journal={Physical review letters},
	volume={98},
	number={15},
	pages={150201},
	year={2007},
	publisher={APS}
}

@article{fyodorov2007replica,
	title={Replica symmetry breaking condition exposed by random matrix calculation of landscape complexity},
	author={Fyodorov, Yan V and Williams, Ian},
	journal={Journal of Statistical Physics},
	volume={129},
	number={5-6},
	pages={1081--1116},
	year={2007},
	publisher={Springer}
}

@article{baldi1989neural,
	title={Neural networks and principal component analysis: Learning from examples without local minima},
	author={Baldi, Pierre and Hornik, Kurt},
	journal={Neural networks},
	volume={2},
	number={1},
	pages={53--58},
	year={1989},
	publisher={Elsevier}
}

@article{nesterov2008accelerating,
	title={Accelerating the cubic regularization of {N}ewton’s method on convex problems},
	author={Nesterov, Yurii},
	journal={Mathematical Programming},
	volume={112},
	number={1},
	pages={159--181},
	year={2008},
	publisher={Springer}
}

@inproceedings{reddi2016stochastic,
	title={Stochastic variance reduction for nonconvex optimization},
	author={Reddi, Sashank J and Hefny, Ahmed and Sra, Suvrit and Poczos, Barnabas and Smola, Alex},
	booktitle={International conference on machine learning},
	pages={314--323},
	year={2016}
}

@inproceedings{allen2016variance,
	title={Variance reduction for faster non-convex optimization},
	author={Allen-Zhu, Zeyuan and Hazan, Elad},
	booktitle={International Conference on Machine Learning},
	pages={699--707},
	year={2016}
}

@inproceedings{agarwal2017finding,
	title={Finding approximate local minima faster than gradient descent},
	author={Agarwal, Naman and Allen-Zhu, Zeyuan and Bullins, Brian and Hazan, Elad and Ma, Tengyu},
	booktitle={Proceedings of the 49th Annual ACM SIGACT Symposium on Theory of Computing},
	pages={1195--1199},
	year={2017},
	organization={ACM}
}
