@inproceedings{rakhlin2016bistro,
  title={BISTRO: An Efficient Relaxation-Based Method for Contextual Bandits.},
  author={Rakhlin, Alexander and Sridharan, Karthik},
  booktitle={Proceedings of the 33rd International Conference on Machine Learning},
  pages={1977--1985},
  year={2016}
}

@article{bousquet2002tracking,
  title={Tracking a small set of experts by mixing past posteriors},
  author={Bousquet, Olivier and Warmuth, Manfred K},
  journal={Journal of Machine Learning Research},
  volume={3},
  number={Nov},
  pages={363--396},
  year={2002}
}

@InProceedings{Zinkevich03,
  title={Online Convex Programming and Generalized Infinitesimal Gradient Ascent},
  author={Martin Zinkevich},
  booktitle= {Proceedings of the 20th International Conference on Machine Learning},
  year={2003}
}

@article{HerbsterWa98,
  title={Tracking the best expert},
  author={Herbster, Mark and Warmuth, Manfred K},
  journal={Machine learning},
  volume={32},
  number={2},
  pages={151--178},
  year={1998},
  publisher={Springer}
}

@inproceedings{BubeckSl12,
  title={The Best of Both Worlds: Stochastic and Adversarial Bandits},
  author={Bubeck, S{\'e}bastien and Slivkins, Aleksandrs},
  booktitle={25th Annual Conference on Learning Theory (COLT)},
  year={2012}
}

@inproceedings{AuerCh16,
  title={An algorithm with nearly optimal pseudo-regret for both stochastic and adversarial bandits},
  author={Auer, Peter and Chiang, Chao-Kai},
  booktitle={29th Annual Conference on Learning Theory (COLT)},
  year={2016}
}

@article{ZhangYaJiZh17,
  title={Strongly Adaptive Regret Implies Optimally Dynamic Regret},
  author={Zhang, Lijun and Yang, Tianbao and Jin, Rong and Zhou, Zhi-Hua},
  journal={arXiv preprint arXiv:1701.07570},
  year={2017}
}

@inproceedings{HazanSe07,
  title={Adaptive algorithms for online decision problems},
  author={Elad Hazan and C. Seshadhri},
  booktitle={Electronic Colloquium on Computational Complexity (ECCC)},
  volume={14},
  year={2007}
}

@inproceedings{LuoSc15,
   author = {Haipeng Luo and Robert E. Schapire},
    title = "{Achieving All with No Parameters: AdaNormalHedge}",
  booktitle = {28th Annual Conference on Learning Theory (COLT)},
     year = 2015, 
}

@inproceedings{DanielyGoSh15,
  title={Strongly Adaptive Online Learning.},
  author={Daniely, Amit and Gonen, Alon and Shalev-Shwartz, Shai},
  booktitle={Proceedings of the 32nd International Conference on Machine Learning},
  year={2015}
}

@inproceedings{AgarwalLuNeSc17,
  title={Corralling a Band of Bandit Algorithms},
  author={Agarwal, Alekh and Luo, Haipeng and Neyshabur, Behnam and Schapire, Robert E},
  booktitle={30th Annual Conference on Learning Theory (COLT)},
  year={2017}
}

@inproceedings{KarninAn16,
title = {Multi-armed Bandits: Competing with Optimal Sequences},
author = {Karnin, Zohar S and Anava, Oren},
booktitle = {Advances in Neural Information Processing Systems 29},
year = {2016},
}

@inproceedings{WeiHoLu16,
title = {Tracking the Best Expert in Non-stationary Stochastic Environments},
author = {Wei, Chen-Yu and Hong, Yi-Te and Lu, Chi-Jen},
booktitle = {Advances in Neural Information Processing Systems 29},
year = {2016},
}

@inproceedings{BesbesGuZe14,
title = {Stochastic Multi-Armed-Bandit Problem with Non-stationary Rewards},
author = {Besbes, Omar and Gur, Yonatan and Zeevi, Assaf},
booktitle = {Advances in Neural Information Processing Systems 27},
year = {2014},
}

@article{BesbesGuZe15,
  title={Non-stationary stochastic optimization},
  author={Besbes, Omar and Gur, Yonatan and Zeevi, Assaf},
  journal={Operations Research},
  volume={63},
  number={5},
  pages={1227--1244},
  year={2015},
  publisher={INFORMS}
}

@Book{CesabianchiLu06,
  author =	 {Nicol\`o Cesa-Bianchi and G\'{a}bor Lugosi},
  title = 	 {Prediction, Learning, and Games},
  publisher = 	 {Cambridge University Press},
  year = 	 2006
}

@article{AuerCeFrSc02,
  title={The nonstochastic multiarmed bandit problem},
  author={Auer, Peter and Cesa-Bianchi, Nicolo and Freund, Yoav and Schapire, Robert E},
  journal={SIAM Journal on Computing},
  volume={32},
  number={1},
  pages={48--77},
  year={2002},
  publisher={SIAM}
}

@inproceedings{LangfordZh08,
  title={The epoch-greedy algorithm for multi-armed bandits with side information},
  author={Langford, John and Zhang, Tong},
  booktitle={Advances in neural information processing systems},
  year={2008}
}


@inproceedings{SyrgkanisLuKrSc16,
  title={Improved Regret Bounds for Oracle-Based Adversarial Contextual Bandits},
  author={Syrgkanis, Vasilis and Luo, Haipeng and Krishnamurthy, Akshay and Schapire, Robert E},
  booktitle={Advances in Neural Information Processing Systems},
  year={2016}
}

@inproceedings{AgarwalHsKaLaLiSc14,
  title={Taming the monster: A fast and simple algorithm for contextual bandits},
  author={Alekh Agarwal and Daniel Hsu and Satyen Kale and John Langford and Lihong Li and Robert Schapire},
  booktitle={Proceedings of the 31st International Conference on Machine Learning},
  year={2014}
}

@article{BubeckCe12,
year = {2012},
volume = {5},
journal = {Foundations and Trends® in Machine Learning},
title = {Regret Analysis of Stochastic and Nonstochastic Multi-armed Bandit Problems},
doi = {10.1561/2200000024},
issn = {1935-8237},
number = {1},
pages = {1-122},
author = {Sébastien Bubeck and Nicolò Cesa-Bianchi}
}

@article{FreundSc97
,author=	{Yoav Freund and Robert E. Schapire}
,title=		{A decision-theoretic generalization of on-line
		 learning and an application to boosting}
,journal=	jcss
,year=		1997
,volume=	55
,number=	1
,month=		aug
,pages=		{119-139}		  
}

@inproceedings{BeygelzimerLaLiReSc11,
  title={Contextual bandit algorithms with supervised learning guarantees.},
  author={Alina Beygelzimer and John Langford and Lihong Li and Lev Reyzin and Robert E. Schapire},
  booktitle={Proceedings of the 14th International Conference on Artificial Intelligence and Statistics},
  year={2011}
}

@inproceedings{LiChLaSc10,
  title={A contextual-bandit approach to personalized news article recommendation},
  author={Li, Lihong and Chu, Wei and Langford, John and Schapire, Robert E},
  booktitle={Proceedings of the 19th international conference on World wide web},
  pages={661--670},
  year={2010},
  organization={ACM}
}

@inproceedings{ChLiReSc11,
  title={Contextual Bandits with Linear Payoff Functions.},
  author={Chu, Wei and Li, Lihong and Reyzin, Lev and Schapire, Robert E},
  booktitle={AISTATS},
  volume={15},
  pages={208--214},
  year={2011}
}

@Article{CesabianchiFrHeHaScWa97,
title={How to Use Expert Advice},
author={Nicol{\`o} Cesa-Bianchi and Yoav Freund and David Haussler and
David P. Helmbold and Robert E. Schapire and Manfred K. Warmuth},
journal={Journal of the ACM},
pages={427--485},
month=may,
year=1997,
volume=44,
number=3
}

@article{Shalevshwartz11,
  title={Online Learning and Online Convex Optimization},
  author={Shai Shalev-Shwartz},
  journal={Foundations and Trends in Machine Learning},
  volume={4},
  number={2},
  pages={107--194},
  year={2011},
  publisher={Now Publishers Inc}
}


@inproceedings{RakhlinSr16,
  title={BISTRO: An Efficient Relaxation-Based Method for Contextual Bandits},
  author={Rakhlin, Alexander and Sridharan, Karthik},
  booktitle={Proceedings of the 33rd International Conference on Machine Learning},
  year={2016}
}

@inproceedings{SyrgkanisKrSc16,
  title={Efficient algorithms for adversarial contextual learning},
  author={Syrgkanis, Vasilis and Krishnamurthy, Akshay and Schapire, Robert E},
  booktitle={Proceedings of the 33rd International Conference on Machine Learning},
  year={2016}
}

@article{agarwal2016multiworld,
  title={A Multiworld Testing Decision Service},
  author={Agarwal, A. and Bird, S. and Cozowicz, M. and Hoang, L. and Langford, J. and Lee, S. and Li, J. and Melamed, D. and Oshri, G. and Ribas, O. and Sen, S. and Slivkins, A.},
  journal={arXiv:1606.03966},
  year={2016}
}

@inproceedings{DudikHsKaKaLaReZh11,
  title={Efficient optimal learning for contextual bandits},
  author={Dud\'{i}k, M. and Hsu, D. and Kale, S. and Karampatziakis, N. and Langford, J. and Reyzin, L. and Zhang, T.},
  booktitle={Proceedings of the Conference on Uncertainty in Artificial Intelligence},
  year={2011}
}

@inproceedings{Hazan2016,
 author = {Hazan, Elad and Koren, Tomer},
 title = {The Computational Power of Optimization in Online Learning},
 booktitle = {Proceedings of the 48th Annual ACM Symposium on the Theory of Computing},
 year = {2016},
} 

@inproceedings{chakrabarti2009mortal,
  title={Mortal multi-armed bandits},
  author={Chakrabarti, Deepayan and Kumar, Ravi and Radlinski, Filip and Upfal, Eli},
  booktitle={Advances in neural information processing systems},
  pages={273--280},
  year={2009}
}

@article{wei2018more,
  title={More Adaptive Algorithms for Adversarial Bandits},
  author={Wei, Chen-Yu and Luo, Haipeng},
  journal={arXiv preprint arXiv:1801.03265},
  year={2018}
}