@inproceedings{shamir2014fundamental,
  title={Fundamental limits of online and distributed algorithms for 
  statistical learning and estimation},
  author={Shamir, Ohad},
  booktitle={Advances in Neural Information Processing Systems},
  pages={163--171},
  year={2014}
}

@incollection{jayram2009hellinger,
  title={Hellinger strikes back: A note on the multi-party information complexity of and},
  author={Jayram, TS},
  booktitle={Approximation, Randomization, and Combinatorial Optimization. Algorithms and Techniques},
  pages={562--573},
  year={2009},
  publisher={Springer}
}

@book{KuNi97,
  author    = {Eyal Kushilevitz and
               Noam Nisan},
  title     = {Communication complexity},
  publisher = {Cambridge University Press},
  year      = {1997}
}

@incollection{rao1992information,
  title={Information and the accuracy attainable in the estimation of statistical parameters},
  author={Rao, C Radhakrishna},
  booktitle={Breakthroughs in statistics},
  pages={235--247},
  year={1992},
  publisher={Springer}
}

@book{lehmann2006theory,
  title={Theory of point estimation},
  author={Lehmann, Erich L and Casella, George},
  year={2006},
  publisher={Springer Science \& Business Media}
}

@inproceedings{steinhardt2015minimax,
	title={Minimax rates for memory-bounded sparse linear regression},
	author={Steinhardt, Jacob and Duchi, John},
	booktitle={Conference on Learning Theory},
	pages={1564--1587},
	year={2015}
}

@book{cramer2016mathematical,
  title={Mathematical methods of statistics (PMS-9)},
  author={Cram{\'e}r, Harald},
  volume={9},
  year={2016},
  publisher={Princeton university press}
}

@inproceedings{steinhardt2016memory,
	title={Memory, communication, and statistical queries},
	author={Steinhardt, Jacob and Valiant, Gregory and Wager, Stefan},
	booktitle={Conference on Learning Theory},
	pages={1490--1516},
	year={2016}
}

@inproceedings{braverman2016communication,
	title={Communication lower bounds for statistical estimation problems via a 
	distributed data processing inequality},
	author={Braverman, Mark and Garg, Ankit and Ma, Tengyu and Nguyen, Huy L 
	and Woodruff, David P},
	booktitle={Proceedings of the forty-eighth annual ACM symposium on Theory 
	of Computing},
	pages={1011--1020},
	year={2016},
	organization={ACM}
}


@inproceedings{kol2017time,
	title={Time-space hardness of learning sparse parities},
	author={Kol, Gillat and Raz, Ran and Tal, Avishay},
	booktitle={Proceedings of the 49th Annual ACM SIGACT Symposium on Theory of 
	Computing},
	pages={1067--1080},
	year={2017},
	organization={ACM}
}


@inproceedings{raz2016fast,
	title={Fast learning requires good memory: A time-space lower bound for 
	parity learning},
	author={Raz, Ran},
	booktitle={Foundations of Computer Science (FOCS), 2016 IEEE 57th Annual 
	Symposium on},
	pages={266--275},
	year={2016},
	organization={IEEE}
}

@article{garg2017extractor,
	title={Extractor-Based Time-Space Lower Bounds for Learning},
	author={Garg, Sumegha and Raz, Ran and Tal, Avishay},
	journal={arXiv preprint arXiv:1708.02639},
	year={2017}
}

@inproceedings{crouch2016stochastic,
	title={Stochastic streams: Sample complexity vs. space complexity},
	author={Crouch, Michael and McGregor, Andrew and Valiant, Gregory and 
	Woodruff, David P},
	booktitle={LIPIcs-Leibniz International Proceedings in Informatics},
	volume={57},
	year={2016},
	organization={Schloss Dagstuhl-Leibniz-Zentrum fuer Informatik}
}

@inproceedings{moshkovitz2017mixing,
	title={Mixing implies lower bounds for space bounded learning},
	author={Moshkovitz, Dana and Moshkovitz, Michal},
	booktitle={Conference on Learning Theory},
	pages={1516--1566},
	year={2017}
}

@article{moshkovitz2017strongmixing,
	title     = {Mixing Implies Strong Lower Bounds for Space Bounded Learning},
    author    = {Michal Moshkovitz and
	Dana Moshkovitz},
	journal   = {Electronic Colloquium on Computational Complexity {(ECCC)}},
	volume    = {24},
	pages     = {116},
	year      = {2017}
}


@article{beame2017time,
	title={Time-Space Tradeoffs for Learning from Small Test Spaces: Learning 
	Low Degree Polynomial Functions},
	author={Beame, Paul and Gharan, Shayan Oveis and Yang, Xin},
	journal={arXiv preprint arXiv:1708.02640},
	year={2017}
}


@inproceedings{raz2017time,
	title={A Time-Space Lower Bound for a Large Class of Learning Problems.},
	author={Raz, Ran},
	booktitle={Electronic Colloquium on Computational Complexity (ECCC)},
	volume={24},
	pages={20},
	year={2017}
}




@inproceedings{bar2002information,
	title={An information statistics approach to data stream and communication 
	complexity},
	author={Bar-Yossef, Z. and Jayram, T. and Kumar, R. and Sivakumar, D.},
	booktitle={FOCS},
	year={2002}
}

@book{muthukrishnan2005data,
	title={Data streams: Algorithms and applications},
	author={Muthukrishnan, S.},
	year={2005},
	publisher={Now Publishers Inc}
}

@inproceedings{alon1996space,
	title={The space complexity of approximating the frequency moments},
	author={Alon, Noga and Matias, Yossi and Szegedy, Mario},
	booktitle={STOC},
	year={1996}
}




@article{hellman1970learning,
	title={Learning with finite memory},
	author={M. Hellman and T. Cover},
	journal={Annals of Mathematical Statistics},
	pages={765--782},
	year={1970}
}

@inproceedings{ertin2003sequential,
	title={Sequential detection with limited memory},
	author={Ertin, E. and Potter, L.},
	booktitle={Statistical Signal Processing, 2003 IEEE Workshop on},
	pages={585--588},
	year={2003}
}

@article{kontorovich2012statistical,
	title={Statistical estimation with bounded memory},
	author={Kontorovich, L.},
	journal={Statistics and Computing},
	volume={22},
	number={5},
	pages={1155--1164},
	year={2012}
}

@article{leighton1986estimating,
	title={Estimating a probability using finite memory},
	author={Leighton, F. and Rivest, R.},
	journal={Information Theory, IEEE Transactions on},
	volume={32},
	number={6},
	pages={733--742},
	year={1986}
}


@article{valiant2015finding,
	title={Finding correlations in subquadratic time, with applications to 
	learning parities and the closest pair problem},
	author={Valiant, Gregory},
	journal={Journal of the ACM (JACM)},
	volume={62},
	number={2},
	pages={13},
	year={2015},
	publisher={ACM}
}


@inproceedings{valiant1988functionality,
	title={Functionality in neural nets},
	author={Valiant, LG},
	booktitle={Proceedings of the first annual workshop on Computational 
	learning theory},
	pages={28--39},
	year={1988},
	organization={Morgan Kaufmann Publishers Inc.}
}

@article{ahlswede1976spreading,
  title={Spreading of sets in product spaces and hypercontraction of the Markov operator},
  author={Ahlswede, Rudolf and G{\'a}cs, Peter},
  journal={The annals of probability},
  pages={925--939},
  year={1976},
  publisher={JSTOR}
}

@article{bar2004information,
  title={An information statistics approach to data stream and communication complexity},
  author={Bar-Yossef, Ziv and Jayram, Thathachar S and Kumar, Ravi and Sivakumar, D},
  journal={Journal of Computer and System Sciences},
  volume={68},
  number={4},
  pages={702--732},
  year={2004},
  publisher={Elsevier}
}

@article{luo2005universal,
  title={Universal decentralized estimation in a bandwidth constrained sensor network},
  author={Luo, Zhi-Quan},
  journal={IEEE Transactions on information theory},
  volume={51},
  number={6},
  pages={2210--2219},
  year={2005},
  publisher={IEEE}
}

@incollection{polyanskiy2017strong,
  title={Strong data-processing inequalities for channels and Bayesian networks},
  author={Polyanskiy, Yury and Wu, Yihong},
  booktitle={Convexity and Concentration},
  pages={211--249},
  year={2017},
  publisher={Springer}
}

@article{lee2017communication,
	title={Communication-efficient sparse regression},
	author={Lee, Jason D and Liu, Qiang and Sun, Yuekai and Taylor, Jonathan E},
	journal={Journal of Machine Learning Research},
	volume={18},
	number={5},
	pages={1--30},
	year={2017}
}

@inproceedings{zhang2012communication,
	title={Communication-efficient algorithms for statistical optimization},
	author={Zhang, Yuchen and Wainwright, Martin J and Duchi, John C},
	booktitle={Advances in Neural Information Processing Systems},
	pages={1502--1510},
	year={2012}
}

@inproceedings{garg2014communication,
	title={On communication cost of distributed statistical estimation and dimensionality},
	author={Garg, Ankit and Ma, Tengyu and Nguyen, Huy},
	booktitle={Advances in Neural Information Processing Systems},
	pages={2726--2734},
	year={2014}
}

@inproceedings{zhang2013information,
	title={Information-theoretic lower bounds for distributed statistical estimation with communication constraints},
	author={Zhang, Yuchen and Duchi, John and Jordan, Michael I and Wainwright, Martin J},
	booktitle={Advances in Neural Information Processing Systems},
	pages={2328--2336},
	year={2013}
}