@String{ proc 	=  ""}
@String{ WWW  = " International World Wide Web Conference (WWW)"}
@String{ NIPS 	= " Advances in Neural Information Processing Systems (NIPS)"}
@String{ ITCS 	= " Innovations in Theoretical Computer Science (ITCS)"}
@String{ JACM   = "Journal of the ACM"}
@String{ COLT 	= " Conference on Learning Theory (COLT)"}
@String{ ICML 	= " International Conference on Machine Learning (ICML)"}
@String{ EC 	=  " ACM Conference on Electronic Commerce (EC)"}
@String{ ACMEC 	=  " ACM Conference on Economics and Computation (ACM EC)"}
@String{ AISTATS = " International Conference on Artificial Intelligence and Statistics (AISTATS)"}
@String{ AAAI = " AAAI Conference on Artificial Intelligence (AAAI)"}


@book{T09,
  title = "Introduction to Nonparametric Estimation",
  author = "Alexandre B. Tsybakov",
  publisher = "Springer",
  year = "2009"
  }

@inproceedings{competingBandits-itcs16,
  author    = {Yishay Mansour and
               Aleksandrs Slivkins and
               Zhiwei Steven Wu},
  title     = {Competing Bandits: Learning under Competition},
  booktitle = ITCS,
  year      = {2018}
}

@inproceedings{chu2011contextual,
  title={Contextual Bandits with Linear Payoff Functions.},
  author={Chu, Wei and Li, Lihong and Reyzin, Lev and Schapire, Robert E.},
  booktitle=AISTATS,
  year={2011}
}

@unpublished{bird2016exploring,
  title={Exploring or Exploiting? {S}ocial and Ethical Implications of Autonomous Experimentation in {A}{I}},
  author={Bird, Sarah and Barocas, Solon and Crawford, Kate and Diaz, Fernando and Wallach, Hanna},
  note={Available at SSRN: https://ssrn.com/abstract=2846909, also appeared at the Workshop on Fairness, Accountability, and Transparency in Machine Learning},
  year={2016}
}

@article{kilbertus2017avoiding,
  title={Avoiding Discrimination through Causal Reasoning},
  author={Kilbertus, Niki and Rojas-Carulla, Mateo and Parascandolo, Giambattista and Hardt, Moritz and Janzing, Dominik and Sch{\"o}lkopf, Bernhard},
  journal={CoRR arXiv:1706.02744},
  year={2017}
}

@inproceedings{ghosh2017misspecified,
  title={Misspecified Linear Bandits.},
  author={Ghosh, Avishek and Chowdhury, Sayak Ray and Gopalan, Aditya},
  booktitle= AAAI,
  year={2017}
}

@inproceedings{abbasi2011improved,
  title={Improved algorithms for linear stochastic bandits},
  author={Abbasi-Yadkori, Yasin and P{\'a}l, D{\'a}vid and Szepesv{\'a}ri, Csaba},
  booktitle= NIPS,
  year={2011}
}

@article{kovanic1979pseudoinverse,
  title={On the pseudoinverse of a sum of symmetric matrices with applications to estimation},
  author={Kovanic, Pavel},
  journal={Kybernetika},
  volume={15},
  number={5},
  pages={341--348},
  year={1979}
  }

@inproceedings{lattimore2017end,
  title={The End of Optimism? An Asymptotic Analysis of Finite-Armed Linear Bandits},
  author={Lattimore, Tor and Szepesv{\'a}ri, Csaba},
  booktitle= AISTATS,
  year={2017}
}

@article{celis2017fair,
  title={Fair Personalization},
  author={Celis, L. Elisa and Vishnoi, Nisheeth K},
  journal={CoRR arXiv:1707.02260, also appeared at the Workshop on Fairness, Accountability, and Transparency in Machine Learning},
  year={2017}
}

@article{liu2017calibrated,
  title={Calibrated Fairness in Bandits},
  author={Liu, Yang and Radanovic, Goran and Dimitrakakis, Christos and Mandal, Debmalya and Parkes, David C.},
  journal={CoRR arXiv:1707.01875, also appeared at the Workshop on Fairness, Accountability, and Transparency in Machine Learning},
  year={2017}
}

@inproceedings{joseph2016fairness,
  title={Fairness in learning: {C}lassic and contextual bandits},
  author={Joseph, Matthew and Kearns, Michael and Morgenstern, Jamie and Roth, Aaron},
  booktitle= NIPS,
  year={2016}
}

@article{kannan2017fairness,
  title={Fairness Incentives for Myopic Agents},
  author={Kannan, Sampath and Kearns, Michael and Morgenstern, Jamie and Pai, Mallesh and Roth, Aaron and Vohra, Rakesh and Wu, Z Steven},
  journal={CoRR arXiv:1705.02321},
  year={2017}
}

@inproceedings{dwork2012fairness,
  title={Fairness through awareness},
  author={Dwork, Cynthia and Hardt, Moritz and Pitassi, Toniann and Reingold, Omer and Zemel, Richard},
  booktitle= ITCS,
  year={2012},
}

@inproceedings{kleinberg2017inherent,
  title={Inherent Trade-offs in the Fair Determination of Risk Scores},
  author={Kleinberg, Jon and Mullainathan, Sendhil and Raghavan, Manish},
  booktitle= ITCS,
  year={2017},
}

@inproceedings{hardt2016equality,
  title={Equality of opportunity in supervised learning},
  author={Hardt, Moritz and Price, Eric and Srebro, Nati},
  booktitle= NIPS,
  year={2016}
}

@article{chouldechova2017fair,
  title={Fair prediction with disparate impact: {A} study of bias in recidivism prediction instruments},
  author={Chouldechova, Alexandra},
  journal={Big Data, Special Issue on Social and Technical Trade-Offs},
  year={2017}
}

@inproceedings{kearns2017meritocratic,
  title={Meritocratic Fairness for Cross-Population Selection},
  author={Kearns, Michael and Roth, Aaron and Wu, Zhiwei Steven},
  booktitle= ICML,
  year={2017}
}

@article{auer2002using,
  title={Using confidence bounds for exploitation-exploration trade-offs},
  author={Auer, Peter},
  journal={Journal of Machine Learning Research},
  volume={3},
  number={Nov},
  pages={397--422},
  year={2002}
}

@article{kannan2018smoothed,
  title={A Smoothed Analysis of the Greedy Algorithm for the Linear Contextual Bandit Problem},
  author={Kannan, Sampath and Morgenstern, Jamie and Roth, Aaron and Waggoner, Bo and Wu, Zhiwei Steven},
  journal={CoRR arXiv:1801.03423},
  year={2018}
}

@article{janson2017tail,
  title={Tail bounds for sums of geometric and exponential variables},
  author={Janson, Svante},
  journal={Statistics Probability Letters},
  volume = "135",
  pages = "1--6", 
  year={2018}
}

@article{tropp2012user,
  title={User-friendly tail bounds for sums of random matrices},
  author={Tropp, Joel A},
  journal={Foundations of Computational Mathematics},
  volume={12},
  number={4},
  pages={389--434},
  year={2012}
}

@article{Bubeck-survey12,
   author 	= {S\'{e}bastien Bubeck and Nicolo Cesa-Bianchi},
   title 	= "{Regret Analysis of Stochastic and Nonstochastic Multi-armed Bandit Problems}",
   journal 	= "Foundations and Trends in Machine Learning",
   year 	= {2012},
   volume   = "5",
   number   = "1"
}

@article{bastani2017exploiting,
  title={Exploiting the Natural Exploration In Contextual Bandits},
  author={Bastani, Hamsa and Bayati, Mohsen and Khosravi, Khashayar},
  journal={CoRR arXiv:1704.09011},
  year={2017}
}

@article{laurent2000adaptive,
  title={Adaptive estimation of a quadratic functional by model selection},
  author={Laurent, Beatrice and Massart, Pascal},
  journal={Annals of Statistics},
  pages={1302--1338},
  year={2000}
}

@article{chandrasekaran2012convex,
  title={The convex geometry of linear inverse problems},
  author={Chandrasekaran, Venkat and Recht, Benjamin and Parrilo, Pablo A and Willsky, Alan S},
  journal={Foundations of Computational Mathematics},
  volume={12},
  number={6},
  pages={805--849},
  year={2012}
}

@inproceedings{Langford-nips07,
   author = 	"John Langford and Tong Zhang",
   title = 	"{The Epoch-Greedy Algorithm for Contextual Multi-armed Bandits}",
   booktitle 	= NIPS,
   year 	= "2007"
}

@inproceedings{monster-icml14,
 title = {Taming the Monster: A Fast and Simple Algorithm for Contextual Bandits},
 author = {Alekh Agarwal and Daniel Hsu and Satyen Kale and John Langford and Lihong Li and Robert Schapire},
 BOOKTITLE    = ICML,
 year = {2014}
}


@inproceedings{Langford-www10,
   author = 	"Lihong Li and Wei Chu and John Langford and Robert E. Schapire",
   title = 	"{A contextual-bandit approach to personalized news article recommendation}",
   booktitle 	= WWW,
   year 	= "2010"
} % experimental

@article{DS-arxiv,
  author    = {Alekh Agarwal and
               Sarah Bird and
               Markus Cozowicz and
               Luong Hoang and
               John Langford and
               Stephen Lee and
               Jiaji Li and
               Dan Melamed and
               Gal Oshri and
               Oswaldo Ribas and
               Siddhartha Sen and
               Alex Slivkins},
  title     = {Making Contextual Decisions with Low Technical Debt},
  journal      = {CoRR arXiv:1606.03966},
  year      = {2017}
}

@unpublished{MWT-WhitePaper-2016,
title = {Multiworld Testing: A System for Experimentation, Learning, And Decision-Making},
author = {Alekh Agarwal and Sarah Bird and Markus Cozowicz and Miro Dudik and John Langford and Lihong Li and Luong Hoang and Dan Melamed and Siddhartha Sen and Robert Schapire and Alex Slivkins},
note    = {A white paper, available at https://github.com/Microsoft/mwt-ds/raw/master/images/MWT-WhitePaper.pdf},
year = {2016}
}


@book{massart2007concentration,
  title={Concentration inequalities and model selection},
  author={Massart, Pascal},
  volume={6},
  year={2007},
  publisher={Springer}
}

@misc{cook2009upper,
  title={Upper and lower bounds for the normal distribution function},
  author={Cook, John D},
  year={2009}
}

@article{practicalCB-arxiv18,
  author    = {Alberto Bietti and Alekh Agarwal and John Langford},
  title     = {Practical Evaluation and Optimization of Contextual Bandit Algorithms},
  year      = {2018},
  journal={CoRR arXiv:1802.04064},
}



@article{SmoothedAnalysis-jacm04,
  author    = {Daniel A. Spielman and
               Shang{-}Hua Teng},
  title     = {Smoothed analysis of algorithms: Why the simplex algorithm usually
               takes polynomial time},
  journal   = JACM,
  volume    = {51},
  number    = {3},
  pages     = {385--463},
  year      = {2004}
}

@article{SleepingBandits-ml10,
  author    = {Robert Kleinberg and
               Alexandru Niculescu{-}Mizil and
               Yogeshwer Sharma},
  title     = {Regret bounds for sleeping experts and bandits},
  journal   = {Machine Learning},
  volume    = {80},
  number    = {2-3},
  pages     = {245--272},
  year      = {2010}
}

@article{bandits-ucb1,
  author    = {Peter Auer and Nicol{\`o} Cesa-Bianchi and Paul Fischer},
  title     = {Finite-time Analysis of the Multiarmed Bandit Problem.},
  journal   = {Machine Learning},
  volume    = {47},
  number    = {2-3},
  year      = {2002},
  pages     = {235-256}
}

@inproceedings{Zeevi-colt10,
   author = 	"Philippe Rigollet and Assaf Zeevi",
   title = 	"{Nonparametric Bandits with Covariates}",
   booktitle 	= COLT,
   year 	= "2010"
}

@article{tsybakov2004,
author="A.B. Tsybakov",
title="Optimal aggregation of classifiers in statistical learning",
journal="The Annals of Statistics",
year="2004",
volume="32 (1)",
pages="135-166"
}

@article{Kremer-JPE14,
    author = {Ilan Kremer and Yishay Mansour and Motty Perry},
    title = {Implementing the “Wisdom of the Crowd”},
    journal = {Journal of Political Economy},
    volume = {122},
    issue  = {5},
    pages = {988--1012},
        year = {2014}
}

@inproceedings{Frazier-ec14,
  author    = {Peter Frazier and David Kempe and Jon M. Kleinberg and Robert Kleinberg},
  title     = {Incentivizing exploration},
  booktitle = ACMEC,
  year      = {2014}
}

@misc{Che-13,
title = {Optimal design for social learning},
author = {Yeon-Koo Che and Johannes H\"{o}rner},
howpublished = {Preprint},
year = {2015}
}


@inproceedings{ICexploration-ec15,
  author    = {Yishay Mansour and
               Aleksandrs Slivkins and
               Vasilis Syrgkanis},
  title     = {Bayesian Incentive-Compatible Bandit Exploration},
  booktitle = ACMEC,
  year      = {2015}
}

@inproceedings{ICexplorationGames-ec16,
  author    = {Yishay Mansour and
               Aleksandrs Slivkins and
               Vasilis Syrgkanis and
               Steven Wu},
  title     = {Bayesian Exploration: Incentivizing Exploration in Bayesian Games},
  booktitle = ACMEC,
  year      = {2016}
}


@article{Bimpikis-exploration-ms17,
    author = {Kostas Bimpikis and Yiangos Papanastasiou and Nicos Savva},
    title = {Crowdsourcing Exploration},
    journal = {Management Science},
    year = {2017},
    note = "Forthcoming"
}

@inproceedings{Bahar-ec16,
  author    = {Gal Bahar and
               Rann Smorodinsky and
               Moshe Tennenholtz},
  title     = {Economic Recommendation Systems},
  booktitle = ACMEC,
  year      = {2016}
}

@misc{Bobby-Glen-ec16,
  author    = {Robert D. Kleinberg and
               Bo Waggoner and
               E. Glen Weyl},
  title     = {Descending Price Optimally Coordinates Search},
  howpublished = {Working paper. Preliminary version in \emph{ACM EC 2016}. Under submission to \emph{Econometrica}},
   year      = {2016},
}

@article{dasgupta2003elementary,
  title={An elementary proof of a theorem of {J}ohnson and {L}indenstrauss},
  author={Dasgupta, Sanjoy and Gupta, Anupam},
  journal={Random Structures \& Algorithms},
  volume={22},
  number={1},
  pages={60--65},
  year={2003}
}
