@Comment custom bibtex entries (not from any well known repository like dblp, mr, zblatt, scholar)

@book{lasserre2015introduction,
  title={An Introduction to Polynomial and Semi-Algebraic Optimization},
  author={Lasserre, Jean Bernard},
  number={52},
  year={2015},
  publisher={Cambridge University Press}
}
@InProceedings{ChenCM13,
  title =	"Robust Sparse Regression under Adversarial
		 Corruption",
  author =	"Yudong Chen and Constantine Caramanis and Shie
		 Mannor",
  publisher =	"JMLR.org",
  year = 	"2013",
  volume =	"28",
  bibdate =	"2013-11-19",
  bibsource =	"DBLP,
		 http://dblp.uni-trier.de/db/conf/icml/icml2013.html#ChenCM13",
  booktitle =	"ICML",
  crossref =	"conf/icml/2013",
  pages =	"774--782",
  series =	"JMLR Workshop and Conference Proceedings",
  URL =  	"http://jmlr.org/proceedings/papers/v28/",
}



@Article{DKKLSS18,
   title     = {Sever: A Robust Meta-Algorithm for Stochastic Optimization},
     author    = {Ilias Diakonikolas and Gautam Kamath and Daniel M. Kane and Jerry Li and Jacob Steinhardt and Alistair Stewart},
       journal   = {Preprint},
     year      = {2018},
     URL        = "https://arxiv.org/abs/1803.02815"
}

@Article{DKS18,
   title     = {Efficient Algorithms and Lower Bounds for Robust Linear Regression},
     author    = {Ilias Diakonikolas and Weihao Kong and Alistair Stewart},
       journal   = {Preprint},
     year      = {2018},
     URL        = "https://arxiv.org/abs/1806.00040"
}

@ARTICLE{2018arXiv180206485P,
   author = {{Prasad}, A. and {Sai Suggala}, A. and {Balakrishnan}, S. and 
	{Ravikumar}, P.},
    title = "{Robust Estimation via Robust Gradient Estimation}",
  journal = {ArXiv e-prints},
archivePrefix = "arXiv",
   eprint = {1802.06485},
      year = 2018,
}

@Article{LoW07,
  title =	"High-dimensional regression with noisy and missing
		 data: Provable guarantees with non-convexity",
  author =	"Po-Ling Loh and Martin J. Wainwright",
  journal =	"CoRR",
  year = 	"2011",
  volume =	"abs/1109.3714",
  bibdate =	"2017-06-07",
  bibsource =	"DBLP,
		 http://dblp.uni-trier.de/db/journals/corr/corr1109.html#abs-1109-3714",
  URL =  	"http://arxiv.org/abs/1109.3714",
}


@Article{HermanS10,
  title =	"General Deviants: An Analysis of Perturbations in
		 Compressed Sensing",
  author =	"Matthew A. Herman and Thomas Strohmer",
  journal =	"J. Sel. Topics Signal Processing",
  year = 	"2010",
  number =	"2",
  volume =	"4",
  bibdate =	"2017-05-27",
  bibsource =	"DBLP,
		 http://dblp.uni-trier.de/https://doi.org/10.1109/JSTSP.2009.2039170;
		 DBLP,
		 http://dblp.uni-trier.de/db/journals/jstsp/jstsp4.html#HermanS10",
  pages =	"342--349",
}


@Article{DuBS17,
  title =	"Computationally Efficient Robust Estimation of Sparse
		 Functionals",
  author =	"Simon S. Du and Sivaraman Balakrishnan and Aarti
		 Singh",
  journal =	"CoRR",
  year = 	"2017",
  volume =	"abs/1702.07709",
  bibdate =	"2017-06-07",
  bibsource =	"DBLP,
		 http://dblp.uni-trier.de/db/journals/corr/corr1702.html#DuBS17",
  URL =  	"http://arxiv.org/abs/1702.07709",
}

@book{DBLP:books/daglib/0035701,
  author    = {L{\'{a}}szl{\'{o}} Gy{\"{o}}rfi and
               Michael Kohler and
               Adam Krzyzak and
               Harro Walk},
  title     = {A Distribution-Free Theory of Nonparametric Regression},
  series    = {Springer series in statistics},
  publisher = {Springer},
  year      = {2002},
  url       = {https://doi.org/10.1007/b97848},
  doi       = {10.1007/b97848},
  isbn      = {978-0-387-95441-7},
  timestamp = {Tue, 16 May 2017 14:01:34 +0200},
  biburl    = {http://dblp.org/rec/bib/books/daglib/0035701},
  bibsource = {dblp computer science bibliography, http://dblp.org}
}
@inproceedings{DBLP:conf/nips/Bhatia0KK17,
  author    = {Kush Bhatia and
               Prateek Jain and
               Parameswaran Kamalaruban and
               Purushottam Kar},
  title     = {Consistent Robust Regression},
  booktitle = {Advances in Neural Information Processing Systems 30: Annual Conference
               on Neural Information Processing Systems 2017, 4-9 December 2017,
               Long Beach, CA, {USA}},
  pages     = {2107--2116},
  year      = {2017},
  crossref  = {DBLP:conf/nips/2017},
  url       = {http://papers.nips.cc/paper/6806-consistent-robust-regression},
  timestamp = {Mon, 27 Nov 2017 12:38:48 +0100},
  biburl    = {http://dblp.org/rec/bib/conf/nips/Bhatia0KK17},
  bibsource = {dblp computer science bibliography, http://dblp.org}
}

@article{DBLP:journals/tit/XuCM10,
  author    = {Huan Xu and
               Constantine Caramanis and
               Shie Mannor},
  title     = {Robust regression and Lasso},
  journal   = {{IEEE} Trans. Information Theory},
  volume    = {56},
  number    = {7},
  pages     = {3561--3574},
  year      = {2010},
  url       = {https://doi.org/10.1109/TIT.2010.2048503},
  doi       = {10.1109/TIT.2010.2048503},
  timestamp = {Sun, 28 May 2017 13:18:50 +0200},
  biburl    = {http://dblp.org/rec/bib/journals/tit/XuCM10},
  bibsource = {dblp computer science bibliography, http://dblp.org}
}

@book {MR914792,
    AUTHOR = {Rousseeuw, Peter J. and Leroy, Annick M.},
     TITLE = {Robust regression and outlier detection},
    SERIES = {Wiley Series in Probability and Mathematical Statistics:
              Applied Probability and Statistics},
 PUBLISHER = {John Wiley \& Sons, Inc., New York},
      YEAR = {1987},
     PAGES = {xvi+329},
      ISBN = {0-471-85233-3},
   MRCLASS = {62F35 (62J05)},
  MRNUMBER = {914792},
MRREVIEWER = {V. J. Yohai},
       URL = {https://doi.org/10.1002/0471725382},
}

@InProceedings{ChenCM13,
  title =	"Robust Sparse Regression under Adversarial
		 Corruption",
  author =	"Yudong Chen and Constantine Caramanis and Shie
		 Mannor",
  publisher =	"JMLR.org",
  year = 	"2013",
  volume =	"28",
  bibdate =	"2013-11-19",
  bibsource =	"DBLP,
		 http://dblp.uni-trier.de/db/conf/icml/icml2013.html#ChenCM13",
  booktitle =	"ICML",
  crossref =	"conf/icml/2013",
  pages =	"774--782",
  series =	"JMLR Workshop and Conference Proceedings",
  URL =  	"http://jmlr.org/proceedings/papers/v28/",
}

@Article{LoW07,
  title =	"High-dimensional regression with noisy and missing
		 data: Provable guarantees with non-convexity",
  author =	"Po-Ling Loh and Martin J. Wainwright",
  journal =	"CoRR",
  year = 	"2011",
  volume =	"abs/1109.3714",
  bibdate =	"2017-06-07",
  bibsource =	"DBLP,
		 http://dblp.uni-trier.de/db/journals/corr/corr1109.html#abs-1109-3714",
  URL =  	"http://arxiv.org/abs/1109.3714",
}

@Article{DuBS17,
  title =	"Computationally Efficient Robust Estimation of Sparse
		 Functionals",
  author =	"Simon S. Du and Sivaraman Balakrishnan and Aarti
		 Singh",
  journal =	"CoRR",
  year = 	"2017",
  volume =	"abs/1702.07709",
  bibdate =	"2017-06-07",
  bibsource =	"DBLP,
		 http://dblp.uni-trier.de/db/journals/corr/corr1702.html#DuBS17",
  URL =  	"http://arxiv.org/abs/1702.07709",
}

@Article{HermanS10,
  title =	"General Deviants: An Analysis of Perturbations in
		 Compressed Sensing",
  author =	"Matthew A. Herman and Thomas Strohmer",
  journal =	"J. Sel. Topics Signal Processing",
  year = 	"2010",
  number =	"2",
  volume =	"4",
  bibdate =	"2017-05-27",
  bibsource =	"DBLP,
		 http://dblp.uni-trier.de/https://doi.org/10.1109/JSTSP.2009.2039170;
		 DBLP,
		 http://dblp.uni-trier.de/db/journals/jstsp/jstsp4.html#HermanS10",
  pages =	"342--349",
}

@article{DBLP:journals/jmlr/KlivansLS09,
  author    = {Adam R. Klivans and
               Philip M. Long and
               Rocco A. Servedio},
  title     = {Learning Halfspaces with Malicious Noise},
  journal   = {Journal of Machine Learning Research},
  volume    = {10},
  pages     = {2715--2740},
  year      = {2009},
  url       = {http://doi.acm.org/10.1145/1577069.1755877},
  doi       = {10.1145/1577069.1755877},
  timestamp = {Thu, 09 Sep 2010 21:02:07 +0200},
  biburl    = {http://dblp.org/rec/bib/journals/jmlr/KlivansLS09},
  bibsource = {dblp computer science bibliography, http://dblp.org}
}
@article{DBLP:journals/corr/abs-1711-07454,
  author    = {Samuel B. Hopkins and
               Jerry Li},
  title     = {Mixture Models, Robustness, and Sum of Squares Proofs},
  journal   = {CoRR},
  volume    = {abs/1711.07454},
  year      = {2017},
  url       = {http://arxiv.org/abs/1711.07454},
  archivePrefix = {arXiv},
  eprint    = {1711.07454},
  timestamp = {Thu, 28 Dec 2017 17:32:48 +0100},
  biburl    = {http://dblp.org/rec/bib/journals/corr/abs-1711-07454},
  bibsource = {dblp computer science bibliography, http://dblp.org}
}
@inproceedings{DBLP:conf/colt/PotechinS17,
  author    = {Aaron Potechin and
               David Steurer},
  title     = {Exact tensor completion with sum-of-squares},
  booktitle = {Proceedings of the 30th Conference on Learning Theory, {COLT} 2017,
               Amsterdam, The Netherlands, 7-10 July 2017},
  pages     = {1619--1673},
  year      = {2017},
  crossref  = {DBLP:conf/colt/2017},
  url       = {http://proceedings.mlr.press/v65/potechin17a.html},
  timestamp = {Wed, 16 Aug 2017 11:08:55 +0200},
  biburl    = {http://dblp.org/rec/bib/conf/colt/PotechinS17},
  bibsource = {dblp computer science bibliography, http://dblp.org}
}
@article{DBLP:journals/siamcomp/KalaiKMS08,
  author    = {Adam Tauman Kalai and
               Adam R. Klivans and
               Yishay Mansour and
               Rocco A. Servedio},
  title     = {Agnostically Learning Halfspaces},
  journal   = {{SIAM} J. Comput.},
  volume    = {37},
  number    = {6},
  pages     = {1777--1805},
  year      = {2008},
  url       = {https://doi.org/10.1137/060649057},
  doi       = {10.1137/060649057},
  timestamp = {Sat, 27 May 2017 14:22:58 +0200},
  biburl    = {http://dblp.org/rec/bib/journals/siamcomp/KalaiKMS08},
  bibsource = {dblp computer science bibliography, http://dblp.org}
}

@article{DBLP:journals/corr/DiakonikolasKS17,
  author    = {Ilias Diakonikolas and
               Daniel M. Kane and
               Alistair Stewart},
  title     = {Learning Geometric Concepts with Nasty Noise},
  journal   = {CoRR},
  volume    = {abs/1707.01242},
  year      = {2017},
  url       = {http://arxiv.org/abs/1707.01242},
  archivePrefix = {arXiv},
  eprint    = {1707.01242},
  timestamp = {Sat, 05 Aug 2017 14:56:06 +0200},
  biburl    = {http://dblp.org/rec/bib/journals/corr/DiakonikolasKS17},
  bibsource = {dblp computer science bibliography, http://dblp.org}
}
@inproceedings{DBLP:conf/focs/DiakonikolasKK016,
  author    = {Ilias Diakonikolas and
               Gautam Kamath and
               Daniel M. Kane and
               Jerry Li and
               Ankur Moitra and
               Alistair Stewart},
  title     = {Robust Estimators in High Dimensions without the Computational Intractability},
  booktitle = {{IEEE} 57th Annual Symposium on Foundations of Computer Science, {FOCS}
               2016, 9-11 October 2016, Hyatt Regency, New Brunswick, New Jersey,
               {USA}},
  pages     = {655--664},
  year      = {2016},
  crossref  = {DBLP:conf/focs/2016},
  url       = {https://doi.org/10.1109/FOCS.2016.85},
  doi       = {10.1109/FOCS.2016.85},
  timestamp = {Fri, 19 May 2017 01:26:00 +0200},
  biburl    = {http://dblp.org/rec/bib/conf/focs/DiakonikolasKK016},
  bibsource = {dblp computer science bibliography, http://dblp.org}
}
@inproceedings{DBLP:conf/stoc/CharikarSV17,
  author    = {Moses Charikar and
               Jacob Steinhardt and
               Gregory Valiant},
  title     = {Learning from untrusted data},
  booktitle = {Proceedings of the 49th Annual {ACM} {SIGACT} Symposium on Theory
               of Computing, {STOC} 2017, Montreal, QC, Canada, June 19-23, 2017},
  pages     = {47--60},
  year      = {2017},
  crossref  = {DBLP:conf/stoc/2017},
  url       = {http://doi.acm.org/10.1145/3055399.3055491},
  doi       = {10.1145/3055399.3055491},
  timestamp = {Sat, 17 Jun 2017 18:46:57 +0200},
  biburl    = {http://dblp.org/rec/bib/conf/stoc/CharikarSV17},
  bibsource = {dblp computer science bibliography, http://dblp.org}
}

@inproceedings{DBLP:conf/focs/LaiRV16,
  author    = {Kevin A. Lai and
               Anup B. Rao and
               Santosh Vempala},
  title     = {Agnostic Estimation of Mean and Covariance},
  booktitle = {{IEEE} 57th Annual Symposium on Foundations of Computer Science, {FOCS}
               2016, 9-11 October 2016, Hyatt Regency, New Brunswick, New Jersey,
               {USA}},
  pages     = {665--674},
  year      = {2016},
  crossref  = {DBLP:conf/focs/2016},
  url       = {https://doi.org/10.1109/FOCS.2016.76},
  doi       = {10.1109/FOCS.2016.76},
  timestamp = {Fri, 19 May 2017 01:25:59 +0200},
  biburl    = {http://dblp.org/rec/bib/conf/focs/LaiRV16},
  bibsource = {dblp computer science bibliography, http://dblp.org}
}


@article{DBLP:journals/corr/abs-1711-11581,
  author    = {Pravesh K. Kothari and
               David Steurer},
  title     = {Outlier-robust moment-estimation via sum-of-squares},
  journal   = {CoRR},
  volume    = {abs/1711.11581},
  year      = {2017},
  url       = {http://arxiv.org/abs/1711.11581},
  eprint    = {1711.11581},
}
@ARTICLE{2015arXiv150101571T,
   author = {{Tropp}, J.~A.},
    title = "{An Introduction to Matrix Concentration Inequalities}",
  journal = {ArXiv e-prints},
archivePrefix = "arXiv",
   eprint = {1501.01571},
 primaryClass = "math.PR",
 keywords = {Mathematics - Probability, Computer Science - Data Structures and Algorithms, Computer Science - Information Theory, Computer Science - Numerical Analysis, Statistics - Machine Learning, Primary: 60B20.~Secondary: 60F10, 60G50, 60G42},
     year = 2015,
    month = jan,
   adsurl = {http://adsabs.harvard.edu/abs/2015arXiv150101571T},
  adsnote = {Provided by the SAO/NASA Astrophysics Data System}
}


@article {MR3127875,
    AUTHOR = {Srivastava, Nikhil and Vershynin, Roman},
     TITLE = {Covariance estimation for distributions with {$2+\varepsilon$}
              moments},
   JOURNAL = {Ann. Probab.},
  FJOURNAL = {The Annals of Probability},
    VOLUME = {41},
      YEAR = {2013},
    NUMBER = {5},
     PAGES = {3081--3111},
      ISSN = {0091-1798},
   MRCLASS = {62H12 (60B20)},
  MRNUMBER = {3127875},
       URL = {https://doi.org/10.1214/12-AOP760},
}

@article{DBLP:journals/corr/abs-1711-07465,
  author    = {Pravesh K. Kothari and
               Jacob Steinhardt},
  title     = {Better Agnostic Clustering Via Relaxed Tensor Norms},
  journal   = {CoRR},
  volume    = {abs/1711.07465},
  year      = {2017},
  url       = {http://arxiv.org/abs/1711.07465},
  archivePrefix = {arXiv},
  eprint    = {1711.07465},
  timestamp = {Sun, 03 Dec 2017 12:38:15 +0100},
  biburl    = {http://dblp.org/rec/bib/journals/corr/abs-1711-07465},
  bibsource = {dblp computer science bibliography, http://dblp.org}
}

@book{DBLP:books/daglib/0034861,
  author    = {Mehryar Mohri and
               Afshin Rostamizadeh and
               Ameet Talwalkar},
  title     = {Foundations of Machine Learning},
  series    = {Adaptive computation and machine learning},
  publisher = {{MIT} Press},
  year      = {2012},
  url       = {http://mitpress.mit.edu/books/foundations-machine-learning-0},
  isbn      = {978-0-262-01825-8},
  timestamp = {Wed, 04 Mar 2015 17:02:57 +0100},
  biburl    = {http://dblp.org/rec/bib/books/daglib/0034861},
  bibsource = {dblp computer science bibliography, http://dblp.org}
}

@article{reznick2000some,
  title={Some concrete aspects of Hilbert's 17th problem},
  author={Reznick, Bruce},
  journal={Contemporary Mathematics},
  volume={253},
  pages={251--272},
  year={2000},
  publisher={Providence, RI: American Mathematical Society}
}

@article{brandao2016mathematics,
  title={The Mathematics of Entanglement},
  author={Brandao, Fernando GSL and Christandl, Matthias and Harrow, Aram W and Walter, Michael},
  journal={arXiv preprint arXiv:1604.01790},
  year={2016}
}

@misc{sos-lecture-notes,
  title = {Proofs, beliefs, and algorithms through the lens of sum-of-squares},
  author = {Boaz Barak and Pravesh Kothari and David Steurer},
  note = {Lecture notes in preparation, available on \url{http://sumofsquares.org}.},
  year = {2016},
}


@inproceedings{gurvits2003classical,
  title={Classical deterministic complexity of Edmonds' Problem and quantum entanglement},
  author={Gurvits, Leonid},
  booktitle={Proceedings of the thirty-fifth annual ACM symposium on Theory of computing},
  pages={10--19},
  year={2003},
  organization={ACM}
}


@article{gharibian2010strong,
  title={Strong NP-hardness of the quantum separability problem},
  author={Gharibian, Sevag},
  journal={Quantum Information \& Computation},
  volume={10},
  number={3},
  pages={343--360},
  year={2010},
  publisher={Rinton Press, Incorporated}
}

@inproceedings{blier2009all,
  title={All languages in NP have very short quantum proofs},
  author={Blier, Hugue and Tapp, Alain},
  booktitle={Quantum, Nano and Micro Technologies, 2009. ICQNM'09. Third International Conference on},
  pages={34--37},
  year={2009},
  organization={IEEE}
}

@article{doherty2004complete,
  title={Complete family of separability criteria},
  author={Doherty, Andrew C and Parrilo, Pablo A and Spedalieri, Federico M},
  journal={Physical Review A},
  volume={69},
  number={2},
  pages={022308},
  year={2004},
  publisher={APS}
}

@phdthesis{parrilo2000structured,
  title={Structured semidefinite programs and semialgebraic geometry methods in robustness and optimization},
  author={Parrilo, Pablo A},
  year={2000},
  school={Citeseer}
}


@inproceedings{Brandao:2011:QAQ:1993636.1993683,
 author = {Brand\~{a}o, Fernando G.S.L. and Christandl, Matthias and Yard, Jon},
 title = {A Quasipolynomial-time Algorithm for the Quantum Separability Problem},
 booktitle = {Proceedings of the Forty-third Annual ACM Symposium on Theory of Computing},
 series = {STOC '11},
 year = {2011},
 isbn = {978-1-4503-0691-1},
 location = {San Jose, California, USA},
 pages = {343--352},
 numpages = {10},
 url = {http://doi.acm.org/10.1145/1993636.1993683},
 doi = {10.1145/1993636.1993683},
 acmid = {1993683},
 publisher = {ACM},
 address = {New York, NY, USA},
 keywords = {conditional mutual information, interactive proofs, quantum computation, separability problem, squashed entanglement},
}

@article{PhysRevLett.91.147902,
  title = {Efficient Classical Simulation of Slightly Entangled Quantum Computations},
  author = {Vidal, Guifr\'e},
  journal = {Phys. Rev. Lett.},
  volume = {91},
  issue = {14},
  pages = {147902},
  numpages = {4},
  year = {2003},
  month = {Oct},
  publisher = {American Physical Society},
  doi = {10.1103/PhysRevLett.91.147902},
  url = {http://link.aps.org/doi/10.1103/PhysRevLett.91.147902}
}


@article{lewenstein2000optimization,
  title={Optimization of entanglement witnesses},
  author={Lewenstein, Maciej and Kraus, B and Cirac, JI and Horodecki, P},
  journal={Physical Review A},
  volume={62},
  number={5},
  pages={052310},
  year={2000},
  publisher={APS}
}

@article{HS70,
    author={Hajnal, A. and Szemerédi, E.},
    title={Proof of a Conjecture of Erd\H{o}s},
    journal={Combinatorial Theory and Its Applications},
    volume={2},
    pages={601-623},
    year={1970}
}
