@Comment custom bibtex entries (not from any well known repository like dblp, mr, zblatt, scholar)

@misc{BarakS16,
  title = {Proofs, beliefs, and algorithms through the lens of sum-of-squares},
  author = {Boaz Barak and David Steurer},
  note = {Lecture notes in preparation, available on \url{http://sumofsquares.org}.},
  year = {2016},
}

@book{hampel2011robust,
  title={Robust statistics: the approach based on influence functions},
  author={Hampel, Frank R and Ronchetti, Elvezio M and Rousseeuw, Peter J and Stahel, Werner A},
  volume={114},
  year={2011},
  publisher={John Wiley \& Sons}
}
@incollection{huber2011robust,
  title={Robust statistics},
  author={Huber, Peter J},
  booktitle={International Encyclopedia of Statistical Science},
  pages={1248--1251},
  year={2011},
  publisher={Springer}
}
@book{maronna2006robust,
  title={Robust statistics},
  author={Maronna, RARD and Martin, R Douglas and Yohai, Victor},
  year={2006},
  publisher={John Wiley \& Sons, Chichester. ISBN}
}

@book{lasserre2015introduction,
  title={An Introduction to Polynomial and Semi-Algebraic Optimization},
  author={Lasserre, Jean Bernard},
  number={52},
  year={2015},
  publisher={Cambridge University Press}
}
@unpublished{KothariSteinhardt17,
author = {Pravesh K. Kothari and Jacob Steinhardt},
title = {Better Agnostic Clustering via Relaxed Tensor Norms},
year = {2017},
}

@unpublished{HopkinsLi17,
author = {Sam B. Hopkins and Jerry Li},
title = {Mixture Models, Robustness, and Sum of Squares Proofs},
year = {2017},
}

@article {MR0464674,
    AUTHOR = {Johnson, D. S. and Preparata, F. P.},
     TITLE = {The densest hemisphere problem},
   JOURNAL = {Theoret. Comput. Sci.},
  FJOURNAL = {Theoretical Computer Science},
    VOLUME = {6},
      YEAR = {1978},
    NUMBER = {1},
     PAGES = {93--107},
      ISSN = {0304-3975},
   MRCLASS = {68A10 (52A45 68A20)},
  MRNUMBER = {0464674},
MRREVIEWER = {M. Tetruasvili},
       URL = {https://doi.org/10.1016/0304-3975(78)90006-3},
}

@techreport{bernholt2006robust,
  title={Robust estimators are hard to compute},
  author={Bernholt, Thorsten},
  year={2006},
  institution={Technical Report/Universit{\"a}t Dortmund, SFB 475 Komplexit{\"a}tsreduktion in Multivariaten Datenstrukturen}
}

@book {MR2488795,
    AUTHOR = {Huber, Peter J. and Ronchetti, Elvezio M.},
     TITLE = {Robust statistics},
    SERIES = {Wiley Series in Probability and Statistics},
   EDITION = {Second},
 PUBLISHER = {John Wiley \& Sons, Inc., Hoboken, NJ},
      YEAR = {2009},
     PAGES = {xvi+354 pp. + loose erratum},
      ISBN = {978-0-470-12990-6},
   MRCLASS = {62-02 (62G35)},
  MRNUMBER = {2488795},
MRREVIEWER = {Rustam Ibragimov},
       URL = {https://doi.org/10.1002/9780470434697},
}

@article{pearson1894contributions,
  title={Contributions to the mathematical theory of evolution},
  author={Pearson, Karl},
  journal={Philosophical Transactions of the Royal Society of London. A},
  volume={185},
  pages={71--110},
  year={1894},
  publisher={JSTOR}
}

@article {MR0426989,
    AUTHOR = {Tukey, John W.},
     TITLE = {Mathematics and the picturing of data},
 BOOKTITLE = {Proceedings of the {I}nternational {C}ongress of
              {M}athematicians ({V}ancouver, {B}. {C}., 1974), {V}ol. 2},
     PAGES = {523--531},
 PUBLISHER = {Canad. Math. Congress, Montreal, Que.},
      YEAR = {1975},
   MRCLASS = {00A25 (62H99)},
  MRNUMBER = {0426989},
MRREVIEWER = {Daniel Sunday},
}


@article{reznick2000some,
  title={Some concrete aspects of Hilbert's 17th problem},
  author={Reznick, Bruce},
  journal={Contemporary Mathematics},
  volume={253},
  pages={251--272},
  year={2000},
  publisher={Providence, RI: American Mathematical Society}
}

@article{brandao2016mathematics,
  title={The Mathematics of Entanglement},
  author={Brandao, Fernando GSL and Christandl, Matthias and Harrow, Aram W and Walter, Michael},
  journal={arXiv preprint arXiv:1604.01790},
  year={2016}
}  

@inproceedings{gurvits2003classical,
  title={Classical deterministic complexity of Edmonds' Problem and quantum entanglement},
  author={Gurvits, Leonid},
  booktitle={Proceedings of the thirty-fifth annual ACM symposium on Theory of computing},
  pages={10--19},
  year={2003},
  organization={ACM}
}


@article{gharibian2010strong,
  title={Strong NP-hardness of the quantum separability problem},
  author={Gharibian, Sevag},
  journal={Quantum Information \& Computation},
  volume={10},
  number={3},
  pages={343--360},
  year={2010},
  publisher={Rinton Press, Incorporated}
}

@inproceedings{blier2009all,
  title={All languages in NP have very short quantum proofs},
  author={Blier, Hugue and Tapp, Alain},
  booktitle={Quantum, Nano and Micro Technologies, 2009. ICQNM'09. Third International Conference on},
  pages={34--37},
  year={2009},
  organization={IEEE}
}

@article{doherty2004complete,
  title={Complete family of separability criteria},
  author={Doherty, Andrew C and Parrilo, Pablo A and Spedalieri, Federico M},
  journal={Physical Review A},
  volume={69},
  number={2},
  pages={022308},
  year={2004},
  publisher={APS}
}




@inproceedings{Brandao:2011:QAQ:1993636.1993683,
 author = {Brand\~{a}o, Fernando G.S.L. and Christandl, Matthias and Yard, Jon},
 title = {A Quasipolynomial-time Algorithm for the Quantum Separability Problem},
 booktitle = {Proceedings of the Forty-third Annual ACM Symposium on Theory of Computing},
 series = {STOC '11},
 year = {2011},
 isbn = {978-1-4503-0691-1},
 location = {San Jose, California, USA},
 pages = {343--352},
 numpages = {10},
 url = {http://doi.acm.org/10.1145/1993636.1993683},
 doi = {10.1145/1993636.1993683},
 acmid = {1993683},
 publisher = {ACM},
 address = {New York, NY, USA},
 keywords = {conditional mutual information, interactive proofs, quantum computation, separability problem, squashed entanglement},
} 

@article{PhysRevLett.91.147902,
  title = {Efficient Classical Simulation of Slightly Entangled Quantum Computations},
  author = {Vidal, Guifr\'e},
  journal = {Phys. Rev. Lett.},
  volume = {91},
  issue = {14},
  pages = {147902},
  numpages = {4},
  year = {2003},
  month = {Oct},
  publisher = {American Physical Society},
  doi = {10.1103/PhysRevLett.91.147902},
  url = {http://link.aps.org/doi/10.1103/PhysRevLett.91.147902}
}


@article{lewenstein2000optimization,
  title={Optimization of entanglement witnesses},
  author={Lewenstein, Maciej and Kraus, B and Cirac, JI and Horodecki, P},
  journal={Physical Review A},
  volume={62},
  number={5},
  pages={052310},
  year={2000},
  publisher={APS}
}