@article{sutton98,
    author={Richard S. Sutton and Andrew G. Barto},
    title={{Reinforcement Learning}},
    year={1998}}

@book{knapp2016representation,
  title={Representation Theory of Semisimple Groups: An Overview Based on Examples (PMS-36)},
  author={Knapp, Anthony W},
  year={2016},
  publisher={Princeton University Press}
}

@article{tu2017non,
  title={{Non-Asymptotic Analysis of Robust Control from Coarse-Grained Identification}},
  author={Tu, Stephen and Boczar, Ross and Packard, Andrew and Recht, Benjamin},
  journal={arXiv:1707.04791},
  year={2017}
}

@article{bradtke96,
  author={Steven J. Bradtke and Andrew G. Barto},
  title={{Linear Least-Squares Algorithms for Temporal Difference Learning}},
  journal={Machine Learning},
  volume={22},
  year={1996}}

@article{lazaric12,
  author={Alessandro Lazaric and Mohammad Ghavamzadeh and R{\'{e}}mi Munos},
  title={{Finite-Sample Analysis of Least-Squares Policy Iteration}},
  journal={Journal of Machine Learning Research},
  volume={13},
  year={2012}}

@article{magnus79,
	author = {Magnus, Jan R.},
	title = {The Expectation of Products of Quadratic Forms in Normal Variables: The Practice},
	journal = {Statistica Neerlandica},
	volume = {33},
	number = {3},
	year = {1979}}

@article{carbery01,
	author={Anthony Carbery and James Wright},
	title={{Distribution and $L^q$ Norm Inequalities for Polynomials Over Convex Bodies in $\R^n$}},
	journal={Math. Res. Lett},
	volume={8},
	number={3},
	year={2001}}

@article{koltchinskii13,
	author={Vladimir Koltchinskii and Shahar Mendelson},
	title={{Bounding the Smallest Singular Value of a Random Matrix without Concentration}},
	journal={arXiv:1312.3580},
	year={2013}}

@inproceedings{bach11,
  author={Francis Bach and Eric Moulines},
  title={{Non-Asymptotic Analysis of Stochastic Approximation Algorithms for Machine Learning}},
  booktitle={Neural Information Processing Systems (NIPS)},
  year={2011}}

@article{prashanth14,
  author={L.A. Prashanth and Nathaniel Korda and R{\'{e}}mi Munos},
  title={{Fast LSTD using stochastic approximation: Finite time analysis and application to traffic control}},
  journal={arXiv:1306.2557},
  year={2014}}

@article{mcdonald17,
  author={Daniel J. McDonald and Cosma R. Shalizi},
  title={{Rademacher Complexity of Stationary Sequences}},
  journal={arXiv:1106.0730},
  year={2017}}

@article{kuznetsov17,
	Author = {Vitaly Kuznetsov and Mehryar Mohri},
	Journal = {Machine Learning},
	Number = {1},
	Title = {{Generalization Bounds for Non-Stationary Mixing Processes}},
	Volume = {106},
	Year = {2017}}

@article{goldenshluger01,
  author={Alexander Goldenshluger and Assaf Zeevi},
  title={Nonasymptotic Bounds for Autoregressive Time Series Modeling},
  journal={The Annals of Statistics},
  volume={29},
  number={2},
  year={2001}
}

@article{tropp11,
  author={Joel A. Tropp},
  title={{Freedman's Inequality for Matrix Martingales}},
  journal={Electronic Communications in Probability},
  volume={16},
  year={2011}}

@article{bubeck13,
  author={S. Bubeck and N. Cesa-Bianchi and G. Lugosi},
  title={{Bandits With Heavy Tail}},
  journal={IEEE Transactions on Information Theory},
  volume={59},
  number={11},
  year={2013}}


@article{white1958limiting,
  title={The limiting distribution of the serial correlation coefficient in the explosive case},
  author={White, John S},
  journal={The Annals of Mathematical Statistics},
  pages={1188--1197},
  year={1958},
  publisher={JSTOR}
}


@article{rudelson13,
  author={Mark Rudelson and Roman Vershynin},
  title={{Hanson-Wright Inequality and sub-Gaussian Concentration}},
  journal={Electronic Communications in Probability},
  volume={18},
  number={82},
  year={2011}}

@article{rudelson09,
    author={Mark Rudelson and Roman Vershynin},
    title={{Smallest Singular Value of a Random Rectangular Matrix}},
    journal={Communications on Pure and Applied Mathematics},
    volume={62},
    issue={12},
    year={2009}}

@article{adamczak11,
    author={Radoslaw Adamczak and Alexander E. Litvak and Alain Pajor and Nicole Tomczak-Jaegermann},
    title={{Sharp Bounds on the Rate of Convergence of Empirical Covariance Matrix}},
    journal={C. R., Math., Acad. Sci. Paris},
    volume={349},
    year={2011}}

@article{mendelson14,
    author={S. Mendelson and G. Paouris},
    title={{On the Singular Values of Random Matrices}},
    journal={Journal of the European Mathematical Society},
    volume={16},
    year={2014}}

@article{srivastava13,
    author={Nikhil Srivastava and Roman Vershynin},
    title={{Covariance Estimation for Distributions with $2 + \varepsilon$ moments}},
    journal={The Annals of Probability},
    volume={41},
    number={5},
    year={2013}}

@article{vershynin11,
    author={Roman Vershynin},
    title={{Introduction to the Non-Asymptotic Analysis of Random Matrices}},
    journal={arXiv:1011.3027},
    year={2011}}

@article{hsu14,
    author={Daniel Hsu and Sham M. Kakade and Tong Zhang},
    title={{Random Design Analysis of Ridge Regression}},
    journal={Foundations of Computational Mathematics},
    volume={14},
    issue={3},
    year={2014}}

@article{yu94,
    author={Bin Yu},
    title={{Rates of Convergence for Empirical Processes of Stationary Mixing Sequences}},
    journal={The Annals of Probability},
    volume={22},
    number={1},
    year={1994}}

@book{ljung99,
    author={Lennart Ljung},
    title={{System Identification: Theory for the User}},
    year={1999}}

@inproceedings{mohri07,
    author={Mehryar Mohri and Afshin Rostamizadeh},
    title={{Stability Bounds for Non-i.i.d. Processes}},
    booktitle={Neural Information Processing Systems},
    year={2007}}

@inproceedings{mohri08,
    author={Mehryar Mohri and Afshin Rostamizadeh},
    title={{Rademacher Complexity Bounds for Non-I.I.D. Processes}},
    booktitle={Neural Information Processing Systems},
    year={2007}}

@article{mohri10,
    author={Mehryar Mohri and Afshin Rostamizadeh},
    title={{Stability Bounds for Stationary $\phi$-mixing and $\beta$-mixing Processes}},
    journal={Journal of Machine Learning Research},
    volume={11},
    year={2010}}

@inproceedings{kuznestov15,
    author={Vitaly Kuznetsov and Mehryar Mohri},
    title={{Learning Theory and Algorithms for Forecasting Non-Stationary Time Series}},
    booktitle={Neural Information Processing Systems},
    year={2015}}

@inproceedings{kuznestov16,
    author={Vitaly Kuznetsov and Mehryar Mohri},
    title={{Time Series Prediction and Online Learning}},
    booktitle={Conference on Learning Theory},
    year={2016}}

@article{agarwal13,
    author={Alekh Agarwal and John C. Duchi},
    title={{The Generalization Ability of Online Algorithms for Dependent Data}},
    journal={IEEE Transactions on Information Theory},
    volume={59},
    issue={1},
    year={2013}}

@article{mcdonald17b,
    author={Daniel J. McDonald and Cosma R. Shalizi and Mark Schervish},
    title={{Nonparametric Risk Bounds for Time-Series Forecasting}},
    journal={Journal of Machine Learning Research},
    volume={18},
    year={2017}}

@article{dean17,
  author={Sarah Dean and Horia Mania and Nikolai Matni and Benjamin Recht and Stephen Tu},
  title={{On the Sample Complexity of the Linear Quadratic Regulator}},
  journal={arXiv:1710.01688},
  year={2017}}

@article{hardt16,
    author={Moritz Hardt and Tengyu Ma and Benjamin Recht},
    title={{Gradient Descent Learns Linear Dynamical Systems}},
    journal={arXiv:1609.05191},
    year={2016}}

@article{lagoudakis03,
    author={Michail G. Lagoudakis and Ronald Parr},
    title={{Least-Squares Policy Iteration}},
    journal={Journal of Machine Learning Research},
    volume={4},
    year={2003}}

@article{farahmand16,
    author={Amir{-}massoud Farahmand and Mohammad Ghavamzadeh and Csaba Szepesv{\'{a}}ri and Shie Mannor},
    title={{Regularized Policy Iteration with Nonparametric Function Spaces}},
    journal={Journal of Machine Learning Research},
    volume={17},
    year={2016}}

@inproceedings{bradtke93,
    author={Steven J. Bradtke},
    title={{Reinforcement Learning Applied to Linear Quadratic Regulation}},
    booktitle={Neural Information Processing Systems},
    year={1993}}

@book{boucheron13,
    author={S. Boucheron and G. Lugosi and P. Massart},
    title={{Concentration Inequalities: A Nonasymptotic Theory of Independence}},
    year={2013}}

@inproceedings{raginsky10,
  author={Maxim Raginsky},
  title={{Divergence-Based Characterization of Fundamental Limitations of Adaptive Dynamical Systems}},
  booktitle={Allerton},
  year={2010}}

@inproceedings{liu12,
  author={Bo Liu and Sridhar Mahadevan and Ji Liu},
  title={{Regularized Off-Policy TD-Learning}},
  booktitle={Neural Information Processing Systems},
  year={2012}}

@inproceedings{liu15,
  author={Bo Liu and Ji Liu and Mohammad Ghavamzadeh and Sridhar Mahadevan and Marek Petrik},
  title={{Finite-Sample Analysis of Proximal Gradient TD Algorithms}},
  booktitle={Uncertainty in Artificial Intelligence},
  year={2015}}

@article{shimkin87,
  author={Nahum Shimkin and Arie Feuer},
  title={{Persistency of Excitation in Continuous-Time Systems}},
  journal={Systems and Control Letters},
  volume={9},
  year={1987}}

@article{mareels84,
  author={Iven Mareels},
  title={Sufficiency of Excitation},
  journal={Systems and Control Letters},
  volume={5},
  year={1984}}

@article{mareels87,
  author={I.M.Y. Mareels and R.R. Bitmead and M. Gevers and C.R. {Johnson Jr.} and R.L. Kosut and M.A. Poubelle},
  title={{How Exciting Can a Signal Really Be?}},
  journal={Systems and Control Letters},
  volume={8},
  year={1987}}

@phdthesis{bradtke94,
  author={Steven J. Bradtke},
  title={{Incremental Dynamic Programming for On-Line Adaptive Optimal Control}},
  school={University of Massachusetts Amherst},
  year={1994}}

@article{lai82,
  author={Tze Leung Lai and Ching Zong Wei},
  title={{Least Squares Estimates in Stochastic Regression Models with Applications to Identification and Control of Dynamic Systems}},
  journal={The Annals of Statistics},
  volume={10},
  number={1},
  year={1982}},

@article{lai86,
  author={Tze Leung Lai},
  title={{Asymptotically Efficient Adaptive Control in Stochastic Regression Models}},
  journal={Advances in Applied Mathematics},
  volume={7},
  year={1986}}

@incollection{lai91,
  author={Tze Leung Lai},
	title={Information bounds, Certainty Equivalence and Learning in Asymptotically Efficient Adaptive Control of Time-Invariant Stochastic Systems},
	booktitle={Topics in Stochastic Systems: Modelling, Estimation and Adaptive Control},
	year={1998}}

@book{zhou95,
  author={Kemin Zhou and John C. Doyle and Keith Glover},
  title={{Robust and Optimal Control}},
  year={1995}}

@book{bogachev15,
  author={Vladimir I. Bogachev},
  title={{Gaussian Measures}},
  year={2015}}

@inproceedings{mendelson14b,
  author={Shahar Mendelson},
  title={{Learning without Concentration}},
  booktitle={Conference on Learning Theory},
  year={2014}}

@inproceedings{tedrake04,
  author={Russ Tedrake and Teresa Weirui Zhang and H. Sebastian Seung},
  title={{Stochastic Policy Gradient Reinforcement Learning on a Simple 3D Biped}},
  booktitle={International Conference on Intelligent Robots and Systems},
  year={2004}}

@article{levine16,
  author={Sergey Levine and Chelsea Finn and Trevor Darrell and Pieter Abbeel},
  title={{End-to-End Training of Deep Visuomotor Policies}},
  journal={Journal of Machine Learning Research},
  volume={17},
  year={2016}}

@inproceedings{levine14,
  author={Sergey Levine and Vladlen Koltun},
  title={{Learning Complex Neural Network Policies with Trajectory Optimization}},
  booktitle={International Conference on Machine Learning},
  year={2014}}

@inproceedings{lillicrap16,
  author={Timothy P. Lillicrap and Jonathan J. Hunt and Alexander Pritzel and Nicolas Heess and Tom Erez and Yuval Tassa and David Silver and Daan Wierstra},
  title={{Continuous control with deep reinforcement learning}},
  booktitle={International Conference on Learning Representations},
  year={2016}}

@inproceedings{levine15,
  author={Sergey Levine and Nolan Wagener and Pieter Abbeel},
  title={{Learning Contact-Rich Manipulation Skills with Guided Policy Search}},
  booktitle={International Conference on Robotics and Automation},
  year={2015}}

@article{kober13,
  author={Jens Kober and J. Andrew Bagnell and Jan Peters},
  title={{Reinforcement Learning in Robotics: A Survey}},
  journal={The International Journal of Robotics Research},
  volume={32},
  number={11},
  year={2013}}

@inproceedings{schulman15,
  author={John Schulman and Sergey Levine and Philipp Moritz and Michael I. Jordan and Pieter Abbeel},
  title={{Trust Region Policy Optimization}},
  booktitle={International Conference on Machine Learning},
  year={2015}}

@inproceedings{schulman16,
  author={John Schulman and Philipp Moritz and Sergey Levine and Michael Jordan and Pieter Abbeel},
  title={{High-Dimensional Continuous Control Using Generalized Advantage Estimation}},
  booktitle={International Conference on Learning Representations},
  year={2016}}

@article{levine16b,
  author={Sergey Levine and Peter Pastor and Alex Krizhevsky and Deirdre Quillen},
  title={{Learning Hand-Eye Coordination for Robotic Grasping with Deep Learning and Large-Scale Data Collection}},
  journal={arXiv:1603.02199},
  year={2016}}

@inproceedings{krishnan17,
  author={Sanjay Krishnan and Roy Fox and Ion Stoica and Ken Goldberg},
  title={{DDCO: Discovery of Deep Continuous Options for Robot Learning from Demonstrations}},
  booktitle={Conference on Robot Learning},
  year={2017}}

@inproceedings{schaul16,
  author={Tom Schaul and John Quan and Ioannis Antonoglou and David Silver},
  title={{Prioritized Experience Replay}},
  booktitle={International Conference on Learning Representations},
  year={2016}}

@inproceedings{gu16,
  author={Shixiang Gu and Timothy Lillicrap and Ilya Sutskever and Sergey Levine},
  title={{Continuous Deep Q-Learning with Model-based Acceleration}},
  booktitle={International Conference on Machine Learning},
  year={2016}}

@inproceedings{gu17,
  author={Shixiang Gu and Timothy Lillicrap and Zoubin Ghahramani and Richard E. Turner and Sergey Levine},
  title={{Q-Prop: Sample-Efficient Policy Gradient with An Off-Policy Critic}},
  booktitle={International Conference on Learning Representations},
  year={2017}}

@manual{mosek,
  author = {{MOSEK ApS}},
  title = {{The MOSEK Optimization Toolbox for MATLAB Manual. Version 7.1 (Revision 28).}},
  year = {2015},
  url = {http://docs.mosek.com/7.1/toolbox/index.html}}

@article{diamond16,
  author  = {Steven Diamond and Stephen Boyd},
  title   = {{CVXPY}: A {P}ython-Embedded Modeling Language for Convex Optimization},
  journal = {Journal of Machine Learning Research},
  year    = {2016},
  volume  = {17},
  number  = {83},
}

@inproceedings{jonas17,
    author={Eric Jonas and Qifan Pu and Shivaram Venkataraman and Ion Stoica and Benjamin Recht},
    title={{Occupy the Cloud: Distributed Computing for the 99\%}},
    booktitle={ACM Symposium on Cloud Computing},
    year={2017}}

@inproceedings{boyan99,
  author={Justin Boyan},
  title={{Least-Squares Temporal Difference Learning}},
  booktitle={International Conference on Machine Learning},
  year={1999}}

@article{tsitsiklis97,
  author={John N. Tsitsiklis and Benjamin Van Roy},
  title={{An Analysis of Temporal-Difference Learning with Function Approximation}},
  journal={IEEE Transactions on Automatic Control},
  volume={42},
  number={5},
  year={1997}}

@article{yu09,
  author={Huizhen Yu and Dimitri P. Bertsekas},
  title={{Convergence Results for Some Temporal Difference Methods Based on Least Squares}},
  journal={IEEE Transactions on Automatic Control},
  volume={54},
  number={7},
  year={2009}}

@inproceedings{sutton09,
  author={Richard S. Sutton and Hamid Reza Maei and Doina Precup and Shalabh Bhatnagar and David Silver and Csaba Szepesv{\'a}ri and Eric Wiewiora},
  title={{Fast Gradient-Descent Methods for Temporal-Difference Learning with Linear Function Approximation}},
  booktitle={International Conference on Machine Learning},
  year={2009}}

@article{antos08,
  author={Andr{\'a}s Antos and Csaba Szepesv{\'a}ri and R{\'e}mi Munos},
  title={{Learning Near-Optimal Policies with Bellman-Residual Minimization based Fitted Policy Iteration and a Single Sample Path}},
  journal={Machine Learning},
  volume={71},
  number={1},
  year={2008}}

@book{bertsekas07,
  author={Dimitri P. Bertsekas},
  title={{Dynamic Programming and Optimal Control, Vol. II}},
  year={2007}}

@inproceedings{hazan17,
  author={Elad Hazan and Karan Singh and Cyril Zhang},
  title={{Learning Linear Dynamical Systems via Spectral Filtering}},
  booktitle={Neural Information Processing Systems},
  year={2017}}

  @inproceedings{hazan18,
  author={Elad Hazan and Holden Lee and Karan Singh and Cyril Zhang and Yi Zhang},
  title={{Spectral Filtering for General Linear Dynamical Systems}},
  journal={arxiv:802.03981},
  year={2018}}

@article{faradonbeh17a,
  author={Mohamad Kazem Shirani Faradonbeh and Ambuj Tewari and George Michailidis},
  title={{Finite Time Identification in Unstable Linear Systems}},
  journal={arXiv:1710.01852},
  year={2017}}

@article{faradonbeh17b,
  author={Mohamad Kazem Shirani Faradonbeh and Ambuj Tewari and George Michailidis},
  title={{Finite Time Analysis of Optimal Adaptive Policies for Linear-Quadratic Systems}},
  journal={arXiv:1711.07230},
  year={2017}}

@inproceedings{shah12,
	Author = {Parikshit Shah and Badri Narayan Bhaskar and Gongguo Tang and Benjamin Recht},
	Booktitle = {Conference on Decision and Control},
	Title = {{Linear System Identification via Atomic Norm Regularization}},
	Year = {2012}}

@inproceedings{rantzer18,
  author={Anders Rantzer},
  title={{Concentration Bounds for Single Parameter Adaptive Control}},
  booktitle={American Control Conference},
  year={2018}}

@article{campi2002finite,
	Author = {Campi, Marco C and Weyer, Erik},
	Journal = {IEEE Transactions on Automatic Control},
	Number = {8},
	Publisher = {IEEE},
	Title = {{Finite Sample Properties of System Identification Methods}},
	Volume = {47},
	Year = {2002}}

@article{vidyasagar2008learning,
	Author = {Vidyasagar, Mathukumalli and Karandikar, Rajeeva L},
	Journal = {Journal of Process Control},
	Number = {3},
	Title = {A Learning Theory Approach to System Identification and Stochastic Adaptive Control},
	Volume = {18},
	Year = {2008}}
