@article {ShaBalGunWai17,
    AUTHOR = {Shah, Nihar B. and Balakrishnan, Sivaraman and Guntuboyina,
              Adityanand and Wainwright, Martin J.},
     TITLE = {Stochastically transitive models for pairwise comparisons:
              statistical and computational issues},
   JOURNAL = {IEEE Trans. Inform. Theory},
  FJOURNAL = {Institute of Electrical and Electronics Engineers.
              Transactions on Information Theory},
    VOLUME = {63},
      YEAR = {2017},
    NUMBER = {2},
     PAGES = {934--959}
}

@article{ShaBalWai16,
  title={A permutation-based model for crowd labeling: Optimal estimation and robustness},
  author={Shah, Nihar B. and Balakrishnan, Sivaraman and Wainwright, Martin J.},
  journal={arXiv preprint arXiv:1606.09632},
  year={2016}
}

@article{BraTer52,
    AUTHOR = {Bradley, Ralph A. and Terry, Milton E.},
     TITLE = {Rank analysis of incomplete block designs. {I}. {T}he method
              of paired comparisons},
   JOURNAL = {Biometrika},
  FJOURNAL = {Biometrika},
    VOLUME = {39},
      YEAR = {1952},
     PAGES = {324--345}
}
	
@article{DawSke79,
  title={Maximum likelihood estimation of observer error-rates using the {EM} algorithm},
  author={Dawid, Alexander Philip and Skene, Allan M.},
  journal={Applied Statistics},
  pages={20--28},
  year={1979},
  publisher={JSTOR}
}
	
@article{FlaMaoRig16,
	Author = {Flammarion, Nicolas and Mao, Cheng and Rigollet, Philippe},
	Journal = {arXiv preprint arXiv:1607.02435},
	Title = {Optimal rates of Statistical Seriation},
	Year = {2016}}
	
@book{Luc59,
	Author = {Luce, R. Duncan},
	Publisher = {John Wiley \& Sons, Inc., New York; Chapman \& Hall, Ltd., London},
	Title = {Individual choice behavior: {A} theoretical analysis},
	Year = {1959}}
	
@article{Thu27,
  title={A law of comparative judgment.},
  author={Thurstone, Louis L.},
  journal={Psychological review},
  volume={34},
  number={4},
  pages={273},
  year={1927},
  publisher={Psychological Review Company}
}

@article{ZhaCheDenJor16,
  title={Spectral methods meet {EM}: A provably optimal algorithm for crowdsourcing},
  author={Zhang, Yuchen and Chen, Xi and Zhou, Dengyong and Jordan, Michael I},
  journal={The Journal of Machine Learning Research},
  volume={17},
  number={1},
  pages={3537--3580},
  year={2016},
  publisher={JMLR. org}
}

@inproceedings{GaoLuZho16,
  title={Exact exponent in optimal rates for crowdsourcing},
  author={Gao, Chao and Lu, Yu and Zhou, Dengyong},
  booktitle={International Conference on Machine Learning},
  pages={603--611},
  year={2016}
}

@inproceedings{HajOhXu14,
  title={Minimax-optimal inference from partial rankings},
  author={Hajek, Bruce and Oh, Sewoong and Xu, Jiaming},
  booktitle={Advances in Neural Information Processing Systems},
  pages={1475--1483},
  year={2014}
}

@inproceedings{ShaBalWai16-2,
  title={Feeling the {B}ern: Adaptive estimators for {B}ernoulli probabilities of pairwise comparisons},
  author={Shah, Nihar B. and Balakrishnan, Sivaraman and Wainwright, Martin J.},
  booktitle={Information Theory (ISIT), 2016 IEEE International Symposium on},
  pages={1153--1157},
  year={2016},
  organization={IEEE}
}

@article {Shaetal16,
    AUTHOR = {Shah, Nihar B. and Balakrishnan, Sivaraman and Bradley, Joseph
              and Parekh, Abhay and Ramchandran, Kannan and Wainwright,
              Martin J.},
     TITLE = {Estimation from pairwise comparisons: sharp minimax bounds
              with topology dependence},
   JOURNAL = {Journal of Machine Learning Research},
  FJOURNAL = {Journal of Machine Learning Research (JMLR)},
    VOLUME = {17},
      YEAR = {2016},
     PAGES = {Paper No. 58, 47}
}

@article{NegOhSha16,
  title={Rank centrality: Ranking from pairwise comparisons},
  author={Negahban, Sahand and Oh, Sewoong and Shah, Devavrat},
  journal={Operations Research},
  volume={65},
  number={1},
  pages={266--287},
  year={2016},
  publisher={INFORMS}
}

@article{Hun04,
	Author = {Hunter, David R.},
	Journal = {Annals of Statistics},
	Pages = {384--406},
	Publisher = {JSTOR},
	Title = {{MM} algorithms for generalized {B}radley-{T}erry models},
	Year = {2004}}
	
@inproceedings{RajAga14,
  title={A statistical convergence perspective of algorithms for rank aggregation from pairwise data},
  author={Rajkumar, Arun and Agarwal, Shivani},
  booktitle={International Conference on Machine Learning},
  pages={118--126},
  year={2014}
}

@inproceedings{RajAga16,
  title={When can we rank well from comparisons of {O} (n$\backslash$log (n)) non-actively chosen pairs?},
  author={Rajkumar, Arun and Agarwal, Shivani},
  booktitle={Conference on Learning Theory},
  pages={1376--1401},
  year={2016}
}


@ARTICLE{NegWai10b,
author = "Sahand Negahban and Martin J. Wainwright",
title = "Restricted strong convexity and (weighted) matrix completion:
Optimal bounds with noise",
JOURNAL = "Journal of Machine Learning Research",
MONTH = "May",
VOLUME = 13,
PAGES = "1665--1697",
YEAR = "2012"
}

@article{NegOhTheXu17,
  title={Learning from Comparisons and Choices},
  author={Negahban, Sahand and Oh, Sewoong and Thekumparampil, Kiran K. and Xu, Jiaming},
  journal={arXiv preprint arXiv:1704.07228},
  year={2017}
}

@article{Cha15,
	Author = {Chatterjee, Sourav},
	Date-Added = {2016-04-09 18:57:12 +0000},
	Date-Modified = {2016-04-09 18:57:12 +0000},
	Journal = {Ann. Statist.},
	Number = {1},
	Pages = {177--214},
	Title = {Matrix estimation by universal singular value thresholding},
	Volume = {43},
	Year = {2015}}
	
@inproceedings{PanWaiCou17,
  title={Denoising linear models with permuted data},
  author={Pananjady, Ashwin and Wainwright, Martin J. and Courtade, Thomas A.},
  booktitle={Information Theory (ISIT), 2017 IEEE International Symposium on},
  pages={446--450},
  year={2017},
  organization={IEEE}
}

@inproceedings{WauJorJoj13,
  title={Efficient ranking from pairwise comparisons},
  author={Wauthier, Fabian and Jordan, Michael and Jojic, Nebojsa},
  booktitle={International Conference on Machine Learning},
  pages={109--117},
  year={2013}
}

@article{ChaMuk16,
  title={On estimation in tournaments and graphs under monotonicity constraints},
  author={Chatterjee, Sabyasachi and Mukherjee, Sumit},
  journal={arXiv preprint arXiv:1603.04556},
  year={2016}
}

@article{ChaGunSen18,
author = "Chatterjee, Sabyasachi and Guntuboyina, Adityanand and Sen, Bodhisattva",
fjournal = "Bernoulli",
journal = "Bernoulli",
month = "05",
number = "2",
pages = "1072--1100",
publisher = "Bernoulli Society for Mathematical Statistics and Probability",
title = "On matrix estimation under monotonicity constraints",
year = "2018"
}

@article{HanWanChaSam17,
  title={Isotonic regression in general dimensions},
  author={Han, Qiyang and Wang, Tengyao and Chatterjee, Sabyasachi and Samworth, Richard J.},
  journal={arXiv preprint arXiv:1708.09468},
  year={2017}
}

@article{ColDal16,
  author  = {Olivier Collier and Arnak S. Dalalyan},
  title   = {Minimax Rates in Permutation Estimation for Feature Matching},
  journal = {Journal of Machine Learning Research},
  year    = {2016},
  volume  = {17},
  number  = {6},
  pages   = {1-31}
}

@incollection{FogJenBacdAs13,
	Author = {Fogel, Fajwel AND Jenatton, Rodolphe AND Bach, Francis AND d'Aspremont, Alexandre},
	Booktitle = {Advances in Neural Information Processing Systems 26},
	Editor = {C.J.C. Burges and L. Bottou and M. Welling and Z. Ghahramani and K.Q. Weinberger},
	Pages = {1016--1024},
	Publisher = {Curran Associates, Inc.},
	Title = {Convex Relaxations for Permutation Problems},
	Year = {2013}}

@inproceedings{BraMos08,
	Author = {Braverman, Mark and Mossel, Elchanan},
	Booktitle = {Proceedings of the {N}ineteenth {A}nnual {ACM}-{SIAM} {S}ymposium on {D}iscrete {A}lgorithms},
	Mrclass = {68P20 (05A05 05C20 94A20)},
	Mrnumber = {2485312},
	Pages = {268--276},
	Publisher = {ACM, New York},
	Title = {Noisy sorting without resampling},
	Year = {2008}}

@article{BraMos09,
	Author = {Braverman, Mark and Mossel, Elchanan},
	Journal = {arXiv preprint arXiv:0910.1191},
	Title = {Sorting from noisy information},
	Year = {2009}}
	
@inproceedings{MaoWeeRig17,
  title = 	 {Minimax Rates and Efficient Algorithms for Noisy Sorting},
  author = 	 {Cheng Mao and Jonathan Weed and Philippe Rigollet},
  booktitle = 	 {Proceedings of Algorithmic Learning Theory},
  pages = 	 {821--847},
  year = 	 {2018},
  editor = 	 {Firdaus Janoos and Mehryar Mohri and Karthik Sridharan},
  volume = 	 {83},
  series = 	 {Proceedings of Machine Learning Research},
  address = 	 {},
  month = 	 {07--09 Apr},
  publisher = 	 {PMLR}
}

@article{PanMaoMutWaiCou17,
  title={Worst-case vs Average-case Design for Estimation from Fixed Pairwise Comparisons},
  author={Pananjady, Ashwin and Mao, Cheng and Muthukumar, Vidya and Wainwright, Martin J. and Courtade, Thomas A.},
  journal={arXiv preprint arXiv:1707.06217},
  year={2017}
}

@article{KolLouTsy11,
  title={Nuclear-norm penalization and optimal rates for noisy low-rank matrix completion},
  author={Koltchinskii, Vladimir and Lounici, Karim and Tsybakov, Alexandre B},
  journal={The Annals of Statistics},
  volume={39},
  number={5},
  pages={2302--2329},
  year={2011},
  publisher={Institute of Mathematical Statistics}
}

@article{Gao17,
  title={Phase Transitions in Approximate Ranking},
  author={Gao, Chao},
  journal={arXiv preprint arXiv:1711.11189},
  year={2017}
}

@article{BriDykPilRob84,
  title={Algorithm {AS} 206: isotonic regression in two independent variables},
  author={Bril, Gordon and Dykstra, Richard and Pillers, Carolyn and Robertson, Tim},
  journal={Journal of the Royal Statistical Society. Series C (Applied Statistics)},
  volume={33},
  number={3},
  pages={352--357},
  year={1984},
  publisher={JSTOR}
}

@inproceedings{KynRaoSac15,
  title={Fast, provable algorithms for isotonic regression in all l\_p-norms},
  author={Kyng, Rasmus and Rao, Anup and Sachdeva, Sushant},
  booktitle={Advances in Neural Information Processing Systems},
  pages={2719--2727},
  year={2015}
}

@book{BouLugMas13,
  title={Concentration inequalities: A nonasymptotic theory of independence},
  author={Boucheron, St{\'e}phane and Lugosi, G{\'a}bor and Massart, Pascal},
  year={2013},
  publisher={Oxford university press}
}

@inproceedings{KarOhSha11,
  title={Budget-optimal crowdsourcing using low-rank matrix approximations},
  author={Karger, David R and Oh, Sewoong and Shah, Devavrat},
  booktitle={Communication, Control, and Computing (Allerton), 2011 49th Annual Allerton Conference on},
  pages={284--291},
  year={2011},
  organization={IEEE}
}

@inproceedings{KarOhSha11-b,
  title={Iterative learning for reliable crowdsourcing systems},
  author={Karger, David R and Oh, Sewoong and Shah, Devavrat},
  booktitle={Advances in neural information processing systems},
  pages={1953--1961},
  year={2011}
}

@article{GaoZho13,
  title={Minimax optimal convergence rates for estimating ground truth from crowdsourced labels},
  author={Gao, Chao and Zhou, Dengyong},
  journal={arXiv preprint arXiv:1310.5764},
  year={2013}
}

@inproceedings{GhoKalMcA11,
  title={Who moderates the moderators?: {C}rowdsourcing abuse detection in user-generated content},
  author={Ghosh, Arpita and Kale, Satyen and McAfee, Preston},
  booktitle={Proceedings of the 12th ACM conference on Electronic commerce},
  pages={167--176},
  year={2011},
  organization={ACM}
}

@inproceedings{DasDasRas13,
  title={Aggregating crowdsourced binary ratings},
  author={Dalvi, Nilesh and Dasgupta, Anirban and Kumar, Ravi and Rastogi, Vibhor},
  booktitle={Proceedings of the 22nd international conference on World Wide Web},
  pages={285--294},
  year={2013},
  organization={ACM}
}

@inproceedings{LiuPenIhl12,
  title={Variational inference for crowdsourcing},
  author={Liu, Qiang and Peng, Jian and Ihler, Alexander T},
  booktitle={Advances in neural information processing systems},
  pages={692--700},
  year={2012}
}

@article{LeeSha17,
  title={Unifying Framework for Crowd-sourcing via Graphon Estimation},
  author={Lee, Christina E and Shah, Devavrat},
  journal={arXiv preprint arXiv:1703.08085},
  year={2017}
}

@article{Ber24,
  title={On a modification of {C}hebyshev’s inequality and of the error formula of {L}aplace},
  author={Bernstein, Sergei},
  journal={Ann. Sci. Inst. Sav. Ukraine, Sect. Math},
  volume={1},
  number={4},
  pages={38--49},
  year={1924}
}

@article{Gil52,
  title={A comparison of signalling alphabets},
  author={Gilbert, Edgar N.},
  journal={Bell Labs Technical Journal},
  volume={31},
  number={3},
  pages={504--522},
  year={1952},
  publisher={Wiley Online Library}
}

@inproceedings{Var57,
  title={Estimate of the number of signals in error correcting codes},
  author={Varshamov, Rom R.},
  booktitle={Dokl. Akad. Nauk SSSR},
  volume={117},
  pages={739--741},
  year={1957}
}

@article{Fis73,
  title={Binary choice probabilities: on the varieties of stochastic transitivity},
  author={Fishburn, Peter C.},
  journal={Journal of Mathematical psychology},
  volume={10},
  number={4},
  pages={327--352},
  year={1973},
  publisher={Elsevier}
}

@article{BalWil97,
  title={Decisions, error and heterogeneity},
  author={Ballinger, T. Parker and Wilcox, Nathaniel T.},
  journal={The Economic Journal},
  volume={107},
  number={443},
  pages={1090--1105},
  year={1997},
  publisher={Wiley Online Library}
}

@article{McLLuc65,
  title={Stochastic transitivity and cancellation of preferences between bitter-sweet solutions},
  author={McLaughlin, Don H. and Luce, R. Duncan},
  journal={Psychonomic Science},
  volume={2},
  number={1-12},
  pages={89--90},
  year={1965},
  publisher={Springer}
}

@inproceedings{ParNeeZhaSanDhi15,
  title={Preference completion: Large-scale collaborative ranking from pairwise comparisons},
  author={Park, Dohyung and Neeman, Joe and Zhang, Jin and Sanghavi, Sujay and Dhillon, Inderjit},
  booktitle={International Conference on Machine Learning},
  pages={1907--1916},
  year={2015}
}

@inproceedings{CheSuh15,
  title={Spectral {MLE}: Top-k rank aggregation from pairwise comparisons},
  author={Chen, Yuxin and Suh, Changho},
  booktitle={International Conference on Machine Learning},
  pages={371--380},
  year={2015}
}

@inproceedings{AgaAgaAssKha17,
  title={Learning with limited rounds of adaptivity: Coin tossing, multi-armed bandits, and ranking from pairwise comparisons},
  author={Agarwal, Arpit and Agarwal, Shivani and Assadi, Sepehr and Khanna, Sanjeev},
  booktitle={Conference on Learning Theory},
  pages={39--75},
  year={2017}
}

@article{HecShaRamWai16,
  title={Active Ranking from Pairwise Comparisons and when Parametric Assumptions Don't Help},
  author={Heckel, Reinhard and Shah, Nihar B and Ramchandran, Kannan and Wainwright, Martin J},
  journal={arXiv preprint arXiv:1606.08842},
  year={2016}
}

@article{FalOrlPicSur17,
  title={Maximum Selection and Ranking under Noisy Comparisons},
  author={Falahatgar, Moein and Orlitsky, Alon and Pichapati, Venkatadheeraj and Suresh, Ananda Theertha},
  journal={arXiv preprint arXiv:1705.05366},
  year={2017}
}

@article{Mon15,
  title={Computational implications of reducing data to sufficient statistics},
  author={Montanari, Andrea},
  journal={Electronic Journal of Statistics},
  volume={9},
  number={2},
  pages={2370--2390},
  year={2015},
  publisher={The Institute of Mathematical Statistics and the Bernoulli Society}
}

@article{KleRio05,
author = "Klein, T. and Rio, E.",
doi = "10.1214/009117905000000044",
fjournal = "The Annals of Probability",
journal = "Ann. Probab.",
month = "05",
number = "3",
pages = "1060--1077",
publisher = "The Institute of Mathematical Statistics",
title = "Concentration around the mean for maxima of empirical processes",
volume = "33",
year = "2005"
}
