@article{tsitsiklis2018private,
  title={Private Sequential Learning},
  author={Tsitsiklis, John N and Xu, Kuang and Xu, Zhi},
  journal={arXiv preprint arXiv:1805.02136},
  year={2018},
  url={https://arxiv.org/abs/1805.02136}}
}

@mastersthesis{zhi,
  title={Private sequential search and optimization},
  author={Xu, Zhi},
  year={2017},
  school={Massachusetts Institute of Technology},
  url={http://hdl.handle.net/1721.1/112054}
}
@article{blum2013learning,
  title={A learning theory approach to noninteractive database privacy},
  author={Blum, Avrim and Ligett, Katrina and Roth, Aaron},
  journal={Journal of the ACM (JACM)},
  volume={60},
  number={2},
  pages={12},
  year={2013},
  publisher={ACM}
}
@inproceedings{smith2011privacy,
  title={Privacy-preserving statistical estimation with optimal convergence rates},
  author={Smith, Adam},
  booktitle={Proceedings of the forty-third annual ACM symposium on Theory of computing},
  pages={813--822},
  year={2011},
  organization={ACM}
}
@article{wasserman2010statistical,
  title={A statistical framework for differential privacy},
  author={Wasserman, Larry and Zhou, Shuheng},
  journal={Journal of the American Statistical Association},
  volume={105},
  number={489},
  pages={375--389},
  year={2010},
  publisher={Taylor \& Francis}
}
@inproceedings{chaudhuri2011sample,
  title={Sample complexity bounds for differentially private learning},
  author={Chaudhuri, Kamalika and Hsu, Daniel},
  booktitle={Proceedings of the Conference on Learning Theory},
  pages={155--186},
  year={2011}
}

@inproceedings{feldman2014sample,
  title={Sample complexity bounds on differentially private learning via communication complexity},
  author={Feldman, Vitaly and Xiao, David},
  booktitle={Conference on Learning Theory},
  pages={1000--1019},
  year={2014}
}

@inproceedings{jain2012differentially,
  title={Differentially private online learning},
  author={Jain, Prateek and Kothari, Pravesh and Thakurta, Abhradeep},
  booktitle={Conference on Learning Theory},
  pages={24--1},
  year={2012}
}


@inproceedings{raskhodnikova2008can,
  title={What can we learn privately},
  author={Raskhodnikova, Sofya and Smith, Adam and Lee, Homin K and Nissim, Kobbi and Kasiviswanathan, Shiva Prasad},
  booktitle={Proceedings of the 54th Annual Symposium on Foundations of Computer Science},
  pages={531--540},
  year={2008}
}



@book{mohri2012foundations,
  title={Foundations of machine learning},
  author={Mohri, Mehryar and Rostamizadeh, Afshin and Talwalkar, Ameet},
  year={2012},
  publisher={MIT press}
}

@article{waeber2013bisection,
  title={Bisection search with noisy responses},
  author={Waeber, Rolf and Frazier, Peter I and Henderson, Shane G},
  journal={SIAM Journal on Control and Optimization},
  volume={51},
  number={3},
  pages={2261--2279},
  year={2013},
  publisher={SIAM}
}


@article{horstein1963sequential,
  title={Sequential transmission using noiseless feedback},
  author={Horstein, Michael},
  journal={IEEE Transactions on Information Theory},
  volume={9},
  number={3},
  pages={136--143},
  year={1963},
  publisher={IEEE}
}



@inproceedings{goldwasser1997multi,
  title={Multi party computations: past and present},
  author={Goldwasser, Shafi},
  booktitle={Proceedings of the sixteenth annual ACM symposium on Principles of distributed computing},
  pages={1--6},
  year={1997},
  organization={ACM}
}
@article{lindell2009secure,
  title={Secure multiparty computation for privacy-preserving data mining},
  author={Lindell, Yehuda and Pinkas, Benny},
  journal={Journal of Privacy and Confidentiality},
  volume={1},
  number={1},
  pages={5},
  year={2009}
}
@inproceedings{wainwright2012privacy,
  title={Privacy aware learning},
  author={Wainwright, Martin J and Jordan, Michael I and Duchi, John C},
  booktitle={Advances in Neural Information Processing Systems},
  pages={1430--1438},
  year={2012}
}
@inproceedings{duchi2016minimax,
  title={Minimax Optimal Procedures for Locally Private Estimation},
  author={Duchi, John and Wainwright, Martin and Jordan, Michael},
  booktitle={arXiv preprint arXiv:1604.02390},
  year={2016}
}
@inproceedings{dwork2006calibrating,
  title={Calibrating noise to sensitivity in private data analysis},
  author={Dwork, Cynthia and McSherry, Frank and Nissim, Kobbi and Smith, Adam},
  booktitle={Theory of Cryptography Conference},
  pages={265--284},
  year={2006},
  organization={Springer}
}
@article{chaudhuri2011differentially,
  title={Differentially private empirical risk minimization},
  author={Chaudhuri, Kamalika and Monteleoni, Claire and Sarwate, Anand D},
  journal={Journal of Machine Learning Research},
  volume={12},
  number={Mar},
  pages={1069--1109},
  year={2011}
}
@inproceedings{gasarch2004survey,
  title={A survey on private information retrieval},
  author={Gasarch, William},
  booktitle={Bulletin of the EATCS},
  year={2004},
  organization={Citeseer}
}
@inproceedings{kushilevitz1997replication,
  title={Replication is not needed: Single database, computationally-private information retrieval},
  author={Kushilevitz, Eyal and Ostrovsky, Rafail},
  booktitle={Foundations of Computer Science (FOCS)},
  volume={97},
  pages={364--373},
  year={1997}
}
@article{chor1998private,
  title={Private information retrieval},
  author={Chor, Benny and Kushilevitz, Eyal and Goldreich, Oded and Sudan, Madhu},
  journal={Journal of the ACM},
  volume={45},
  number={6},
  pages={965--981},
  year={1998},
  publisher={ACM}
}
@article{kuang,
  title={Delay-Predictability Tradeoffs in Reaching a Secret Goal},
  author={Tsitsiklis, John and Xu, Kuang},
  journal={Operations Research},
  volume={66},
  number={2},
  pages={587--596},
  year={2018}
  
}
@techreport{Canetti:1996:ASM:888604,
 author={Canetti, Ran and Friege, U and Goldreich, Oded and Naor, Moni},
 title = {Adaptively Secure Multi-party Computation},
 year = {1996},
 source = {http://www.ncstrl.org:8900/ncstrl/servlet/search?formname=detail\&id=oai%3Ancstrlh%3Amitai%3AMIT-LCS%2F%2FMIT%2FLCS%2FTR-682},
 publisher = {Massachusetts Institute of Technology},
 address = {Cambridge, MA, USA},
} 
@inproceedings{huang2015differentially,
  title={Differentially private distributed optimization},
  author={Huang, Zhenqi and Mitra, Sayan and Vaidya, Nitin},
  booktitle={Proceedings of the 2015 International Conference on Distributed Computing and Networking},
  pages={4},
  year={2015},
  organization={ACM}
}

@inproceedings{dwork2008differential,
  title={Differential privacy: A survey of results},
  author={Dwork, Cynthia},
  booktitle={International Conference on Theory and Applications of Models of Computation},
  pages={1--19},
  year={2008},
  organization={Springer}
}
@article{dwork2014algorithmic,
  title={The algorithmic foundations of differential privacy},
  author={Dwork, Cynthia and Roth, Aaron},
  journal={Foundations and Trends in Theoretical Computer Science},
  volume={9},
  number={3--4},
  pages={211--407},
  year={2014},
  publisher={Now Publishers, Inc.}
}
@inproceedings{gupta2010differentially,
  title={Differentially private combinatorial optimization},
  author={Gupta, Anupam and Ligett, Katrina and McSherry, Frank and Roth, Aaron and Talwar, Kunal},
  booktitle={Proceedings of the twenty-first annual ACM-SIAM symposium on Discrete Algorithms},
  pages={1106--1125},
  year={2010},
  organization={Society for Industrial and Applied Mathematics}
}
@inproceedings{du2001secure,
  title={Secure multi-party computation problems and their applications: a review and open problems},
  author={Du, Wenliang and Atallah, Mikhail J},
  booktitle={Proceedings of the 2001 workshop on New Security Paradigms},
  pages={13--22},
  year={2001},
  organization={ACM}
}

@inproceedings{bindel2011bad,
  title={How bad is forming your own opinion?},
  author={Bindel, David and Kleinberg, Jon and Oren, Sigal},
  booktitle={Foundations of Computer Science (FOCS), 2011 IEEE 52nd Annual Symposium on},
  pages={57--66},
  year={2011},
}
@Article{Bullo1,
author = {P. Jia and A. Mirtabatabaei and N. E. Friedkin and F. Bullo},
title = {Opinion Dynamics and The Evolution of Social Power in Influence Networks},
journal = {SIAM Review},
note = {to be published},
pdf = {http://motion.me.ucsb.edu/pdf/2013d-jmfb.pdf},
keywords = {Social Networks}
}
@article{Bullo2,
  title={Opinion dynamics in heterogeneous networks: convergence conjectures and theorems},
  author={A. Mirtabatabaei and F. Bullo},
  journal={SIAM Journal on Control and Optimization},
  volume={50},
  number={5},
  pages={2763--2785},
  year={2012},
  publisher={SIAM}
}
@article{Bullo3,
  title={Eulerian Opinion Dynamics with Bounded Confidence and Exogenous Inputs},
  author={A. Mirtabatabaei and P. Jia and F. Bullo},
  journal={SIAM Journal on Applied Dynamical Systems},
  volume={13},
  number={1},
  pages={425--446},
  year={2014},
  publisher={SIAM}
}
@InProceedings{Bullo4,
author = {A. Mirtabatabaei and P. Jia and N. E. Friedkin and F. Bullo},
title = {On the reflected appraisals dynamics of influence networks with stubborn agents},
booktitle = {Proceedings of the 2014 American Control Conference},
year = 2014,
month = jun,
pages = {3978-3983},
pdf = {http://motion.me.ucsb.edu/pdf/2013x-mjfb.pdf}
}
@article{DeGroot,
  title={Reaching a consensus},
  author={M. H. DeGroot},
  journal={Journal of the American Statistical Association},
  volume={69},
  number={345},
  pages={118--121},
  year={1974},
  publisher={Taylor \& Francis}
}
@article{Johnsen,
  title={Social influence networks and opinion change},
  author={N. E. Friedkin and E. C. Johnsen},
  journal={Advances in Group Processes},
  volume={16},
  number={1},
  pages={1--29},
  year={1999}
}
@article{Krause,
  title={Opinion dynamics and bounded confidence models, analysis, and simulation},
  author={R. Hegselmann and U. Krause},
  journal={Journal of Artificial Societies and Social Simulation},
  volume={5},
  number={3},
  year={2002},
  publisher={Journal of Artificial Societies and Social Simulation}
}
@article{Acemoglu,
  title={Opinion fluctuations and disagreement in social networks},
  author={D. Acemoglu and G. Como and F. Fagnani and A. Ozdaglar},
  journal={Mathematics of Operations Research},
  volume={38},
  number={1},
  pages={1--27},
  year={2013},
  publisher={INFORMS}
}
@article{yildiz,
title={Binary opinion dynamics with stubborn agents},
    author    = "E. Yildiz and A. Ozdaglar and D. Acemoglu and A. Saberi and A. Scaglione",
    journal={ACM Transactions on Economics and Computation},
  volume={1},
  number={4},
  pages={19},
  year={2013},
}
@inproceedings{srikant,
  title={Opinion dynamics in social networks: A local interaction game with stubborn agents},
  author={J. Ghaderi and R. Srikant},
  booktitle={Proceedings of the 2013 American Control Conference},
  pages={1982--1987},
  year={2013},
}
@article{John,
  title={On {K}rause's multi-agent consensus model with state-dependent connectivity},
  author={V. D. Blondel and J. M. Hendrickx and J. N. Tsitsiklis},
  journal={Automatic Control, IEEE Transactions on},
  volume={54},
  number={11},
  pages={2586--2597},
  year={2009},
  publisher={IEEE}
}
@article{friedkin_reflected,
  title={A formal theory of reflected appraisals in the evolution of power},
  author={N. E. Friedkin},
  journal={Administrative Science Quarterly},
  volume={56},
  number={4},
  pages={501--529},
  year={2011},
  publisher={SAGE Publications}
}
@book{positive,
  title={Positive Linear Systems: Theory and Applications},
  author={L. Farina and S. Rinaldi},
  volume={50},
  year={2011},
  publisher={John Wiley \& Sons}
}
@inproceedings{Ji,
  title={Asynchronous distributed averaging using double linear iterations},
  author={J. Liu and A. S. Morse},
  booktitle={Proceedings of the 2012 American Control Conference},
  pages={6620--6625},
  year={2012},
}
@article{reflected,
  title={Beyond the looking-glass self: Social structure and efficacy-based self-esteem},
  author={V. Gecas and M. L. Schwalbe},
  journal={Social Psychology Quarterly},
  pages={77--88},
  year={1983},
}
@InProceedings{Bullo5,
author = {P. Jia and A. Mirtabatabaei and N. E. Friedkin and F. Bullo},
title = {On the dynamics of influence networks via reflected appraisal},
year = 2013,
booktitle={Proceedings of the 2013 American Control Conference},
pages = {1251-1256},
}
@InProceedings{Bullo6,
author = {A. Mirtabatabaei and P. Jia and F. Bullo},
title = {Eulerian opinion dynamics with bounded confidence and exogenous inputs},
booktitle = {IFAC Workshop on Distributed Estimation and Control in Networked Systems},
year = 2012,
pages = {270-275},
}

@book{khalil,
    author    = "H. K. Khalil",
    title     = "Nonlinear Systems",
    publisher = "Prentice Hall",
    year      = "2002"
%    address   = "New York"
}
@article{montanari2010spread,
  title={The spread of innovations in social networks},
  author={A. Montanari and A. Saberi},
  journal={Proceedings of the National Academy of Sciences},
  volume={107},
  number={47},
  pages={20196--20201},
  year={2010},
}
@incollection{bharathi2007competitive,
  title={Competitive influence maximization in social networks},
  author={S. Bharathi and D. Kempe and M. Salek},
  booktitle={Internet and Network Economics},
  pages={306--311},
  year={2007},
  publisher={Springer}
}
@article{galeotti2009influencing,
  title={Influencing the influencers: A theory of strategic diffusion},
  author={A. Galeotti and S. Goyal},
  journal={The RAND Journal of Economics},
  volume={40},
  number={3},
  pages={509--532},
  year={2009},
}
@inproceedings{kempe2003maximizing,
  title={Maximizing the spread of influence through a social network},
  author={D. Kempe and J. Kleinberg and {\'E}. Tardos},
  booktitle={Proceedings of the Ninth ACM SIGKDD International Conference on Knowledge Discovery and Data Mining},
  pages={137--146},
  year={2003},
  organization={ACM}
}
@article{gale2003bayesian,
  title={Bayesian learning in social networks},
  author={D. Gale and S. Kariv},
  journal={Games and Economic Behavior},
  volume={45},
  number={2},
  pages={329--346},
  year={2003},
}
@article{acemoglu2011bayesian,
  title={Bayesian learning in social networks},
  author={D. Acemoglu and M. Dahleh and I. Lobel and A. Ozdaglar},
  journal={The Review of Economic Studies},
  volume={78},
  number={4},
  pages={1201--1236},
  year={2011},
}
@article{banerjee2004word,
  title={Word-of-mouth learning},
  author={A. Banerjee and D. Fudenberg},
  journal={Games and Economic Behavior},
  volume={46},
  number={1},
  pages={1--22},
  year={2004},
}
@article{acemoglu2011opinion,
  title={Opinion dynamics and learning in social networks},
  author={D. Acemoglu and A. Ozdaglar},
  journal={Dynamic Games and Applications},
  volume={1},
  number={1},
  pages={3--49},
  year={2011},
}
@incollection{kempe2005influential,
  title={Influential nodes in a diffusion model for social networks},
  author={D. Kempe and J. Kleinberg and {\'E}. Tardos},
  booktitle={Automata, Languages and Programming},
  pages={1127--1138},
  year={2005},
  publisher={Springer}
}
@article{etesami2014game,
  title={Game-Theoretic Analysis of the {H}egselmann-{K}rause Model for Opinion Dynamics in Finite Dimensions},
  author={S. R. Etesami and T. Ba\c{s}ar},
   journal   = "Automatic Control, IEEE Transactions on",
    year      = "July 2015",
    volume    = "60",
    number    = "7",
    note      = "to appear"
}
@article{ballester2006s,
  title={Who's who in networks. Wanted: The key player},
  author={C. Ballester and A. Calv{\'o}-Armengol and Y. Zenou},
  journal={Econometrica},
  volume={74},
  number={5},
  pages={1403--1417},
  year={2006},
}