@string{acm = "ACM Press, New York"}
@string{ams = "American Mathematical Society"}
@string{abs-ams = "Abs. Amer. Math. Soc."}
@string{anncomb = "Ann. Comb."}
@string{annals = "Ann. of Math."}
@string{beatcs = "Bull. EATCS"}
@string{bull-ams = "Bull. Amer. Math. Soc."}
@string{cacm = "Comm. Assn. Comp. Mach."}
@string{colt = "Conference on Learning Theory"}
@string{compcomp = "Computational Complexity"}
@string{crc = "CRC Press"}
@string{cup = "Cambridge University Press"}
@string{eccc = "Electronic Colloquium in Computational Complexity"}
@string{gtm = "Graduate Texts in Mathematics"}
@string{ieee = "IEEE Computer Society Press, Los Alamitos, California"}
@string{ieeetc = "IEEE Trans. Comput."}
@string{ijcm = "Intern. J. Comp. Math."}
@string{ijfcs = "Intern. J. Found. Comp. Sci."}
@string{infcomp = "Inform. and Comp."}
@string{infcon = "Inform. and Control"}
@string{ipl = "Inform. Process. Lett."}
@string{itit = "IEEE Trans. Inform. Theory"}
@string{itnn = "IEEE Trans. Neural Networks"}
@string{jacm = "J. ACM"}
@string{jams = "J. Amer. Math. Soc."}
@string{jalg = "J. Alg"}
@string{jcta = "J. Comb. Thy. Ser. A"}
@string{jctb = "J. Comb. Thy. Ser. B"}
@string{jcss = "J. Comp. Sys. Sci."}
@string{jmlr = "J. Mach. Learn. Res."}
@string{jpdc = "J. Par. Dist. Comp."}
@string{jsl = "J. Symb. Logic"},
@string{lms = "London Math. Soc."}
@string{lncs = "Lect. Notes in Comp. Sci."},
@string{lnm = "Lect. Notes in Math."}
@string{mathann = "Math. Annalen"}
@string{mathsys = "Math. Sys. Thy."}
@string{mst = "Math. Sys. Thy."}
@string{random = "Random Structures and Algorithms"}
@string{sicomp = "SIAM J. Comput."}
@string{sigact = "SIGACT News"}
@string{sjdm = "SIAM J. Disc. Math."}
@string{springer = "Springer Verlag"}
@string{tcs = "Theoret. Comput. Sci."}
@string{tcsa = "Theoret. Comput. Sci., Ser. A"}
@string{tcsb = "Theor. Comp. Sci., Ser. A"}
@string{trans-ams = "Trans. Amer. Math. Soc."}
@string{ugtm = "Undergraduate Texts in Mathematics"}
@string{wiley = "John Wiley and Sons"}
@string{zml = "Zeitschrift {f\"ur} Mathematische Logik und Grundlagen
der
                         Mathematik"}
@string{unpub-mss = "Unpublished manuscript"}
@string{ieee = "IEEE"}
@string{acm = "ACM"}

@string{wcsl = "Workshop on Computer Science Logic"}
@string{afocs = "Annual IEEE Symposium on Foundations of Computer
Science"}
@string{astoc = "Annual ACM Symposium on the Theory of Computing"}
@string{aicalp = "Annual International Conference on Automata,
Languages, and Programming"}
@string{astacs = "Symposium on Theoretical Aspects of Computer
Science"}
@string{aicci = "Annual International Conference on Computers and
Information"}
@string{astructures = "Annual IEEE Conference on Structure in
Complexity Theory"}
@string{alics = "Annual IEEE Conference on Logic in Computer Science"}
@string{ifct = "International Conference on Fundamentals of
Computation Theory"}
@string{afsttcs = "Annual Conference on Foundations of Software
Technology and Theoretical Computer Science"}
@string{imfcs = "International Symposium on Mathematical Foundations
of Computer
  Science"}
@string{acolt = "Annual ACM Workshop on Computational Learning Theory"}
@string{ilfcs = "International Symposium on Logical Foundations of
Computer
  Science"}
@string{aisaac = "Annual International Symposium on Algorithms and
Computation"}
@string{icocoon = "International Combinatorics and Computing
Conference"}
@string{accc = "Annual IEEE Conference on Computational Complexity"}
@string{soda = "{ACM}-{SIAM} {S}ymposium on {D}iscrete {A}lgorithms"}
@string{esa = "European Symposium on Algorithms"}


@string{sCSL = "CSL"}
@string{sFOCS = "FOCS"}
@string{sSTOC = "STOC"}
@string{sICALP = "ICALP"}
@string{sSTACS = "STACS"}
@string{sICCI = "ICCI"}
@string{sStructures = "Structures"}
@string{sLICS = "LICS"}
@string{sFCT = "FCT"}
@string{sFSTTCS = "FSTTCS"}
@string{sMFCS = "MFCS"}
@string{sCOLT = "COLT"}
@string{sLFCS = "LFCS"}
@string{sISAAC = "ISAAC"}
@string{sCOCOON = "COCOON"}
@string{sCCC = "CCC"}

@string{csl = wcsl}
@string{focs = afocs}
@string{stoc = astoc}
@string{icalp = aicalp}
@string{stacs = astacs}
@string{icci = aicci}
@string{structures = astructures}
@string{lics = alics}
@string{fct = ifct}
@string{fsttcs = afsttcs}
@string{mfcs = imfcs}
@string{colt = acolt}
@string{lfcs = ilfcs}
@string{isaac = aisaac}
@string{cocoon = icocoon}
@string{ccc = accc}

@string{proc1 = "Proc.\ 1st "}
@string{proc2 = "Proc.\ 2nd "}
@string{proc3 = "Proc.\ 3rd "}
@string{proc4 = "Proc.\ 4th "}
@string{proc5 = "Proc.\ 5th "}
@string{proc6 = "Proc.\ 6th "}
@string{proc7 = "Proc.\ 7th "}
@string{proc8 = "Proc.\ 8th "}
@string{proc9 = "Proc.\ 9th "}
@string{proc10 = "Proc.\ 10th "}
@string{proc11 = "Proc.\ 11th "}
@string{proc12 = "Proc.\ 12th "}
@string{proc13 = "Proc.\ 13th "}
@string{proc14 = "Proc.\ 14th "}
@string{proc15 = "Proc.\ 15th "}
@string{proc16 = "Proc.\ 16th "}
@string{proc17 = "Proc.\ 17th "}
@string{proc18 = "Proc.\ 18th "}
@string{proc19 = "Proc.\ 19th "}
@string{proc20 = "Proc.\ 20th "}
@string{proc21 = "Proc.\ 21st "}
@string{proc22 = "Proc.\ 22nd "}
@string{proc23 = "Proc.\ 23rd "}
@string{proc24 = "Proc.\ 24th "}
@string{proc25 = "Proc.\ 25th "}
@string{proc26 = "Proc.\ 26th "}
@string{proc27 = "Proc.\ 27th "}
@string{proc28 = "Proc.\ 28th "}
@string{proc29 = "Proc.\ 29th "}
@string{proc30 = "Proc.\ 30th "}
@string{proc31 = "Proc.\ 31st "}
@string{proc32 = "Proc.\ 32nd "}
@string{proc33 = "Proc.\ 33rd "}
@string{proc34 = "Proc.\ 34th "}
@string{proc35 = "Proc.\ 35th "}
@string{proc36 = "Proc.\ 36th "}
@string{proc37 = "Proc.\ 37th "}
@string{proc38 = "Proc.\ 38th "}
@string{proc39 = "Proc.\ 39th "}
@string{proc40 = "Proc.\ 40th "}
@string{proc41 = "Proc.\ 41st "}
@string{proc42 = "Proc.\ 42nd "}
@string{proc43 = "Proc.\ 43rd "}
@string{proc44 = "Proc.\ 44th "}
@string{proc45 = "Proc.\ 45th "}
@string{proc46 = "Proc.\ 46th "}
@string{proc47 = "Proc.\ 47th "}
@string{proc48 = "Proc.\ 48th "}
@string{proc49 = "Proc.\ 49th "}
@string{proc50 = "Proc.\ 50th "}
@string{proc51 = "Proc.\ 51st "}
@string{proc52 = "Proc.\ 52nd "}
@string{proc53 = "Proc.\ 53rd "}
@string{proc54 = "Proc.\ 54th "}
@string{proc55 = "Proc.\ 55th "}
@string{proc56 = "Proc.\ 56th "}
@string{proc57 = "Proc.\ 57th "}
@string{proc58 = "Proc.\ 58th "}
@string{proc59 = "Proc.\ 59th "}
@string{proc60 = "Proc.\ 60th "}

 
 
 


@article{Chan13,
 author = {Chan, Siu On},
 title = {Approximation Resistance from Pairwise-Independent Subgroups},
 journal = jacm,
 issue_date = {September 2016},
 volume = {63},
 number = {3},
 month = aug,
 year = {2016},
 issn = {0004-5411},
 pages = {27:1--27:32},
 articleno = {27},
 numpages = {32},
 publisher = {ACM},
 address = {New York, NY, USA},
 keywords = {Inapproximability, integrality gaps, maximum constraint satisfaction problems, probabilistically checkable proofs},
} 


@inproceedings{Khot02,
  author    = {S. Khot},
  title     = {On the power of unique 2-prover 1-round games.},
  booktitle = proc34 # stoc,
  year      = {2002},
  pages     = {767--775}
  }

@article{KKMO07,
  author    = {S. Khot and
               G. Kindler and
               E. Mossel and
               R. O'Donnell},
  title     = {Optimal Inapproximability Results for {MAX-CUT} and Other 2-Variable
               {CSPs}?},
  journal   = sicomp,
  volume    = {37},
  number    = {1},
  pages     = {319--357},
  year      = {2007}
}


@inproceedings{BK09,
  author    = {N. Bansal and
               S. Khot},
  title     = {Optimal Long Code Test with One Free Bit},
  booktitle = proc50 # focs,
  pages     = {453--462},
  year      = {2009}
}

@inproceedings{Raghavendra08,
  author    = {P. Raghavendra},
  title     = {Optimal algorithms and inapproximability results for every {CSP}?},
  booktitle = proc40 # stoc,
  pages     = {245--254},
  year      = {2008}
} 

@article{Hastad,
	author = {J. H{\aa}stad},
	title = {Some optimal inapproximability results},
	journal = jacm,
	volume    = {48},
  	number    = {4},
  	year      = {2001},
  	pages     = {798-859}
}



@article{KS11,
  author    = {S. Khot and
               R. Saket},
  title     = {On the hardness of learning intersections of two halfspaces},
  journal   = jcss,
  volume    = {77},
  number    = {1},
  pages     = {129--141},
  year      = {2011}
}




@article{GRSW,
  author    = {V. Guruswami and
               P. Raghavendra and
               R. Saket and
               Yi Wu},
  title     = {Bypassing {UGC} from Some Optimal Geometric Inapproximability Results},
  journal   = {{ACM} Trans. Algorithms},
  volume    = {12},
  number    = {1},
  pages     = {6:1--6:25},
  year      = {2016}
}

@article{AS,
  author    = {Sanjeev Arora and
               Shmuel Safra},
  title     = {Probabilistic Checking of Proofs: A New Characterization
               of {NP}},
  journal   = jacm,
  volume    = {45},
  number    = {1},
  year      = {1998},
  pages     = {70-122}
}

@article{ALMSS,
  author    = {Sanjeev Arora and
               Carsten Lund and
               Rajeev Motwani and
               Madhu Sudan and
               Mario Szegedy},
  title     = {Proof Verification and the Hardness of Approximation Problems},
  journal   = jacm,
  volume    = {45},
  number    = {3},
  year      = {1998},
  pages     = {501-555}
}

@article{Raz,
  author    = {Ran Raz},
  title     = {A Parallel Repetition Theorem},
  journal   = sicomp,
  volume    = {27},
  number    = {3},
  year      = {1998},
  pages     = {763-803}
}

@article{GKS10,
  author    = {P. Gopalan and
               S. Khot and
               R. Saket},
  title     = {Hardness of Reconstructing Multivariate Polynomials over
               Finite Fields},
  journal   = sicomp,
  volume    = {39},
  number    = {6},
  year      = {2010},
  pages     = {2598-2621}
}


@book{Rosenblatt62,
	author = {F. Rosenblatt},
	title = {Principles of Neurodynamics},
	publisher = {Spartan},
	address = {New York},
	year = {1962}
}

@book{MP69,
	author = {M. Minsky and S. Papert},
	title = {Perceptrons: an introduction to computational geometry},
	publisher = {MIT Press},
	address = {Cambridge, MA},
	year = {1969}
}

@article{CV95,
  author    = {C. Cortes and
               V. Vapnik},
  title     = {{Support-Vector} Networks},
  journal   = {Machine Learning},
  volume    = {20},
  number    = {3},
  pages     = {273--297},
  year      = {1995}
}

@article{OJM90,
	author = {O.J. Murphy},
	title = { Nearest neighbor pattern classification perceptrons},
	journal= {Proceedings of the IEEE},
	volume = {78},
	number = {10},
	pages = {1595--1598},
	year = {1990}
}

@inproceedings{RRK04,
	author = {U. R\"{u}kert and L. Richter and S. Kramer},
	title = {Quantitative association rules based on half-spaces},
	booktitle = proc4 # {IEEE International Conference on Data Mining},
	pages = {507--510},
	year = {2004}
}

@article{BEHW89,
  author    = {A. Blumer and
               A. Ehrenfeucht and
               D. Haussler and
               M. K. Warmuth},
  title     = {Learnability and the {Vapnik-Chervonenkis} dimension},
  journal   = jacm,
  volume    = {36},
  number    = {4},
  pages     = {929--965},
  year      = {1989}
}

@Article{BFKV96,
   author={Blum, A. and Frieze, A. and Kannan, R. and Vempala, S.},
   title={A Polynomial-Time Algorithm for Learning Noisy Linear Threshold Functions },
   journal="Algorithmica",
   year="1998",
   volume="22",
   number="1",
   pages="35--52",
}


@inproceedings{Cohen97,
  author    = {E. Cohen},
  title     = {Learning Noisy Perceptrons by a Perceptron in Polynomial Time},
  booktitle = proc38# focs,
  pages     = {514--523},
  year      = {1997}
}

@inproceedings{KKMS05,
  author    = {A. T. Kalai and
               A. R. Klivans and
               Y. Mansour and
               R. A. Servedio},
  title     = {Agnostically Learning Halfspaces},
  booktitle = proc46 # focs,
  year      = {2005}
}

@article{JP78,
  author    = {D. S. Johnson and
               F. P. Preparata},
  title     = {The Densest Hemisphere Problem},
  journal   = TCS,
  volume    = {6},
  pages     = {93--107},
  year      = {1978}
}

@article{AK98,
  author    = {E. Amaldi and
               V. Kann},
  title     = {On the Approximability of Minimizing Nonzero Variables or Unsatisfied
               Relations in Linear Systems},
  journal   = tcs,
  volume    = {209},
  number    = {1-2},
  pages     = {237--260},
  year      = {1998}
}

@article{BDEL00,
  title = "On the difficulty of approximately maximizing agreements ",
  journal = jcss,
  volume = "66",
  number = "3",
  pages = "496 - 514",
  year = "2003",
  note = "",
  issn = "0022-0000",
  doi = "http://dx.doi.org/10.1016/S0022-0000(03)00038-2",
  url = "http://www.sciencedirect.com/science/article/pii/S0022000003000382",
  author = "S. Ben-David and N. Eiron and P. M. Long",
}

@article{BB06,
  author    = {N. H. Bshouty and
               L. Burroughs},
  title     = {Maximizing agreements and coagnostic learning},
  journal   = tcs,
  volume    = {350},
  number    = {1},
  pages     = {24--39},
  year      = {2006}
}

@article{FGKP09,
  author    = {V. Feldman and
               P. Gopalan and
               S. Khot and
               A. K. Ponnuswami},
  title     = {On Agnostic Learning of Parities, Monomials, and Halfspaces},
  journal   = sicomp,
  volume    = {39},
  number    = {2},
  pages     = {606--645},
  year      = {2009}
}

@article{GR09,
  author    = {V. Guruswami and
               P. Raghavendra},
  title     = {Hardness of Learning Halfspaces with Noise},
  journal   = sicomp,
  volume    = {39},
  number    = {2},
  pages     = {742--765},
  year      = {2009}
}

@inproceedings{DOSW11,
  author    = {I. Diakonikolas and
               R. O'Donnell and
               R. A. Servedio and
               Y. Wu},
  title     = {Hardness Results for Agnostically Learning Low-Degree Polynomial Threshold
               Functions},
  booktitle = proc22 # soda,
  pages     = {1590--1606},
  year      = {2011}
}

@article{KR08,
  title={Vertex cover might be hard to approximate to within 2- $\varepsilon$},
  author={Khot, S. and Regev, O.},
  journal=jcss,
  volume={74},
  number={3},
  pages={335--349},
  year={2008},
  publisher={Elsevier}
}

@article{ABS15,
 author = {Arora, Sanjeev and Barak, Boaz and Steurer, David},
 title = {Subexponential Algorithms for Unique Games and Related Problems},
 journal = jacm,
 issue_date = {November 2015},
 volume = {62},
 number = {5},
 month = nov,
 year = {2015},
 issn = {0004-5411},
 pages = {42:1--42:25},
 articleno = {42},
 numpages = {25},
 url = {http://doi.acm.org/10.1145/2775105},
 doi = {10.1145/2775105},
 acmid = {2775105},
 publisher = {ACM},
 address = {New York, NY, USA},
} 

@inproceedings{Khot12,
author = {Subhash Khot},
title = {On the Unique Games Conjecture (Invited Survey)},
journal = proc27 # ccc,
issn = {1093-0159},
year = {2010},
pages = {99-121},
doi = {doi.ieeecomputersociety.org/10.1109/CCC.2010.19},
publisher = {IEEE Computer Society},
address = {Los Alamitos, CA, USA},
}

@article{FGRW12,
  author    = {V. Feldman and
               V. Guruswami and
               P. Raghavendra and
               Y. Wu},
  title     = {Agnostic Learning of Monomials by Halfspaces Is Hard},
  journal   = sicomp,
  volume    = {41},
  number    = {6},
  pages     = {1558--1590},
  year      = {2012}
}

@article{KLS09,
  author    = {A. R. Klivans and
               P. M. Long and
               R. A. Servedio},
  title     = {Learning Halfspaces with Malicious Noise},
  journal   = jmlr,
  volume    = {10},
  pages     = {2715--2740},
  year      = {2009}
}

@article{ABL17,
  author    = {P. Awasthi and
               M. F. Balcan and
               P. M. Long},
  title     = {The Power of Localization for Efficiently Learning Linear Separators
               with Noise},
  journal   = jacm,
  volume    = {63},
  number    = {6},
  pages     = {50:1--50:27},
  year      = {2017}
}

@inproceedings{Daniely15,
  author    = {A. Daniely},
  title     = {A {PTAS} for Agnostically Learning Halfspaces},
  booktitle = proc28 # colt,
  pages     = {484--502},
  year      = {2015}
}

@inproceedings{KK14,
  author    = {A. R. Klivans and
               P. Kothari},
  title     = {Embedding Hard Learning Problems Into Gaussian Space},
  booktitle = proc18 # {International Workshop on Randomization and Computation (RANDOM)},
  pages     = {793--809},
  year      = {2014}
}

@inproceedings{DS16,
  author    = {A. Daniely and
               S. Shalev{-}Shwartz},
  title     = {Complexity Theoretic Limitations on Learning {DNF's}},
  booktitle = proc29 # colt,
  pages     = {815--830},
  year      = {2016}
}

@inproceedings{Daniely16,
  author    = {A. Daniely},
  title     = {Complexity theoretic limitations on learning halfspaces},
  booktitle = proc48 # stoc,
  pages     = {105--117},
  year      = {2016}
}

@inproceedings{ABX08,
  author    = {B. Applebaum and
               B. Barak and
               D. Xiao},
  title     = {On Basing Lower-Bounds for Learning on Worst-Case Assumptions},
  booktitle = proc49 # focs,
  pages     = {211--220},
  year      = {2008}
}

@article{ABFKP08,
  author    = {M. Alekhnovich and
               M. Braverman and
               V. Feldman and
               A. R. Klivans and
               T. Pitassi},
  title     = {The complexity of properly learning simple concept classes},
  journal   = jcss,
  volume    = {74},
  number    = {1},
  pages     = {16--34},
  year      = {2008}
}

@inproceedings{BR93,
  author    = {A. Blum and
               R. L. Rivest},
  title     = {Training a 3-Node Neural Network is {NP}-Complete},
  booktitle = {Machine Learning: From Theory to Applications - Cooperative Research
               at Siemens and {MIT}},
  pages     = {9--28},
  year      = {1993}
}

@article{KS09,
  author    = {A. R. Klivans and
               A. A. Sherstov},
  title     = {Cryptographic hardness for learning intersections of halfspaces},
  journal   = jcss,
  volume    = {75},
  number    = {1},
  pages     = {2--12},
  year      = {2009}
}

@article{KlivansS08,
  author    = {A. R. Klivans and
               R. A. Servedio},
  title     = {Learning intersections of halfspaces with a margin},
  journal   = jcss,
  volume    = {74},
  number    = {1},
  pages     = {35--48},
  year      = {2008}
}

@article{KOS04,
  author    = {A. R. Klivans and
               R. O'Donnell and
               R. A. Servedio},
  title     = {Learning intersections and thresholds of halfspaces},
  journal   = jcss,
  volume    = {68},
  number    = {4},
  pages     = {808--840},
  year      = {2004}
}

@article{BK97,
  author    = {A. Blum and
               R. Kannan},
  title     = {Learning an Intersection of a Constant Number of Halfspaces over a
               Uniform Distribution},
  journal   = jcss,
  volume    = {54},
  number    = {2},
  pages     = {371--380},
  year      = {1997}
}


@article{AV06,
  author    = {R. I. Arriaga and
               S. Vempala},
  title     = {An algorithmic theory of learning: Robust concepts and random projection},
  journal   = {Machine Learning},
  volume    = {63},
  number    = {2},
  pages     = {161--182},
  year      = {2006}
}

@inproceedings{Vempala97,
  author    = {S. Vempala},
  title     = {A Random Sampling Based Algorithm for Learning the Intersection of
               Half-spaces},
  booktitle = proc38 # focs,
  pages     = {508--513},
  year      = {1997}
}

@article{Viola09,
  author    = {E. Viola},
  title     = {The Sum of \emph{D} Small-Bias Generators Fools Polynomials of Degree
               \emph{D}},
  journal   = {Comput. Complexity},
  volume    = {18},
  number    = {2},
  pages     = {209--217},
  year      = {2009}
}

@inproceedings{BGGS16,
  author    = {A. Bhattacharyya and
               A. Gadekar and
               S. Ghoshal and
               R. Saket},
  title     = {On the Hardness of Learning Sparse Parities},
  booktitle = proc24 # esa,
  pages     = {11:1--11:17},
  year      = {2016}
}

@article{BKW03,
  author    = {A. Blum and
               A. Kalai and
               H. Wasserman},
  title     = {Noise-tolerant learning, the parity problem, and the statistical query
               model},
  journal   = jacm,
  volume    = {50},
  number    = {4},
  pages     = {506--519},
  year      = {2003}
}

@inproceedings{KMV08,
  author    = {A. T. Kalai and
               Y. Mansour and
               E. Verbin},
  title     = {On agnostic boosting and parity learning},
  booktitle = proc40 # stoc,
  pages     = {629--638},
  year      = {2008}
}

@misc{Khot-personal,
	author = {S. Khot},
	year = {2009},
	howpublished = {personal communication}
}

@article{CW01,
	author = {A. Carbery and J. Wright},
	title = {Distributional and $L_q$ norm inequalities for polynomials over convex bodies in $\mathbb{R}^n$},
	journal = {Math. Res. Lett.},
	volume = {8},
	number = {3},
	pages = {233--248},
	year = {2001}
}

@article{Hau92,
  title={Decision theoretic generalizations of the PAC model for neural net and other learning applications},
  author={Haussler, D.},
  journal=infcomp,
  volume={100},
  number={1},
  pages={78--150},
  year={1992},
  publisher={Elsevier}
}

@article{KSS94,
  title={Toward efficient agnostic learning},
  author={Kearns, M.J. and Schapire, R.E. and Sellie, L.M.},
  journal={Machine Learning},
  volume={17},
  number={2-3},
  pages={115--141},
  year={1994},
  publisher={Springer}
}  