% If you use bibtex, you can set up abbreviations for commonly used strings
% such as journal titles.  The abbreviations go at the beginning of your
% xxx.bib file.  The following list is one that produces the "official"
% journal name abbreviations as found in Math. Reviews  (see any index issue
% of Math. Reviews for a list of journal abbreviations).
%


@string{SG ="IEEE Trans. on Smart Grid"} 
@string{PEM ="IEEE Power and Energy Magazine"} 
@string{PS ="IEEE Trans. Power Systems"}
@string{TPAS ="{IEEE} Trans. on Power Apparatus and Systems"} 
@string{JPS ="Journal of Power Sources"} 
@string{EJ ="Energy Journal"}
@string{TSE ="IEEE Trans. on Sustainable Energy"}


@string{AEJM ="American Economic Journal: Microeconomics"} 
@string{JRE ="Journal of Regulatory Economics"} 

@string{JEP ="Journal of Economic Perspectives"} 
@string{AER ="The American Economic Review"} 
@string{RANDJE ="The RAND Journal of Economics"} 
@string{TE ="The RAND Journal of Economics"} 



 
 

@string{AAP ="Adv.   Appl. Probab."}
@string{AIAAJ ="AIAA J."}
@string{AIHP ="Ann. Inst. Henri Poincar\'e"}
@string{AIHPB ="Ann. Inst. Henri Poincar\'e Ser B"}
@string{AJM ="Amer. J. Math."}
@string{AMO ="Appl. Math. Optim."}
@string{AM ="Ann. of Math."} 
@string{ANNMS ="Ann.  Math. Statist."}
@string{ANNS ="Ann. Statist."}
@string{ANNM ="Ann.   Math."}
@string{ANNAP ="Ann. Appl. Probab."}
@string{ANNP ="Ann. Probab."}
@string{AOR ="Annals of Oper. Res."} 
@string{ASSP ="IEEE Trans. Acoust. Speech Signal Process."}
@string{AUTOM ="Automatica"}
@string{BAMS ="Bull. Amer. Math. Soc."}

@string{SPL = "Statistics \&\ Prob. Letters."}


@string{CAS ="IEEE Trans. Circuits and Systems"}


@string{ACC2009 = "Proc. of the 2009 American Control Conference (ACC)"}
@string{ACC2010 = "Proc. of the 2010 American Control Conference (ACC)"}
@string{ACC2011 = "Proc. of the 2011 American Control Conference (ACC)"}

@string{ACC2012 = "Proc. of the 2012 American Control Conference (ACC)"}
@string{ACC2013 = "Proc. of the 2013 American Control Conference (ACC)"}
@string{ACC2014 = "Proc. of the 2014 American Control Conference (ACC)"}
@string{ACC2015 = "Proc. of the 2015 American Control Conference (ACC)"}
@string{ACC2016 = "Proc. of the 2016 American Control Conference (ACC)"}


%@string{CDC1 = "Proc. of the 1st IEEE Conf. on Dec. and Control"}
%@string{CDC10 = "Proc. of the 10th IEEE Conf. on Dec. and Control"}
%@string{CDC11 = "Proc. of the 11th IEEE Conf. on Dec. and Control"}
%@string{CDC12 = "Proc. of the 12th IEEE Conf. on Dec. and Control"}
%@string{CDC13 = "Proc. of the 13th IEEE Conf. on Dec. and Control"}
%@string{CDC14 = "Proc. of the 14th IEEE Conf. on Dec. and Control"}
%@string{CDC15 = "Proc. of the 15th IEEE Conf. on Dec. and Control"}
%@string{CDC16 = "Proc. of the 16th IEEE Conf. on Dec. and Control"}
%@string{CDC17 = "Proc. of the 17th IEEE Conf. on Dec. and Control"}
%@string{CDC18 = "Proc. of the 18th IEEE Conf. on Dec. and Control"}
%@string{CDC19 = "Proc. of the 19th IEEE Conf. on Dec. and Control"}
%@string{CDC2 = "Proc. of the 2nd IEEE Conf. on Dec. and Control"}
%@string{CDC20 = "Proc. of the 20th IEEE Conf. on Dec. and Control"}
%@string{CDC21 = "Proc. of the 21th IEEE Conf. on Dec. and Control"}
%@string{CDC22 = "Proc. of the 22th IEEE Conf. on Dec. and Control"}
%@string{CDC23 = "Proc. of the 23th IEEE Conf. on Dec. and Control"}
%@string{CDC24 = "Proc. of the 24th IEEE Conf. on Dec. and Control"}
%@string{CDC25 = "Proc. of the 25th IEEE Conf. on Dec. and Control"}
%@string{CDC26 = "Proc. of the 26th IEEE Conf. on Dec. and Control"}
%@string{CDC27 = "Proc. of the 27th IEEE Conf. on Dec. and Control"}
%@string{CDC28 = "Proc. of the 28th IEEE Conf. on Dec. and Control"}
%@string{CDC29 = "Proc. of the 29th IEEE Conf. on Dec. and Control"}
%@string{CDC3 = "Proc. of the 3rd IEEE Conf. on Dec. and Control"}
%@string{CDC30 = "Proc. of the 30th IEEE Conf. on Dec. and Control"}
%@string{CDC31 = "Proc. of the 31th IEEE Conf. on Dec. and Control"}
%@string{CDC32 = "Proc. of the 32nd IEEE Conf. on Dec. and Control"}
%@string{CDC33 = "Proc. of the 33rd IEEE Conf. on Dec. and Control"}
%@string{CDC34 = "Proc. of the 34th IEEE Conf. on Dec. and Control"}
%@string{CDC35 = "Proc. of the 35th IEEE Conf. on Dec. and Control"}
%@string{CDC36 = "Proc. of the 36th IEEE Conf. on Dec. and Control"}
%@string{CDC37 = "Proc. of the 37th IEEE Conf. on Dec. and Control"}
%@string{CDC42 = "Proc. of the 42th IEEE Conf. on Dec. and Control"}
%@string{CDC4 = "Proc. of the 4th IEEE Conf. on Dec. and Control"}
%@string{CDC5 = "Proc. of the 5th IEEE Conf. on Dec. and Control"}
%@string{CDC6 = "Proc. of the 6th IEEE Conf. on Dec. and Control"}
@string{CDC62 = "Proc. of the 1st IEEE Conf. on Dec. and Control"}
@string{CDC63 = "Proc. of the 2nd IEEE Conf. on Dec. and Control"}
@string{CDC64 = "Proc. of the 3th IEEE Conf. on Dec. and Control"}
@string{CDC65 = "Proc. of the 4th IEEE Conf. on Dec. and Control"}
@string{CDC66 = "Proc. of the 5th IEEE Conf. on Dec. and Control"}
@string{CDC67 = "Proc. of the 6th IEEE Conf. on Dec. and Control"}
@string{CDC68 = "Proc. of the 7th IEEE Conf. on Dec. and Control"}
@string{CDC69 = "Proc. of the 8th IEEE Conf. on Dec. and Control"}
@string{CDC7 = "Proc. of the 7th IEEE Conf. on Dec. and Control"}
@string{CDC70 = "Proc. of the 9th IEEE Conf. on Dec. and Control"}
@string{CDC71 = "Proc. of the 10th IEEE Conf. on Dec. and Control"}
@string{CDC72 = "Proc. of the 11th IEEE Conf. on Dec. and Control"}
@string{CDC73 = "Proc. of the 12th IEEE Conf. on Dec. and Control"}
@string{CDC74 = "Proc. of the 13th IEEE Conf. on Dec. and Control"}
@string{CDC75 = "Proc. of the 14th IEEE Conf. on Dec. and Control"}
@string{CDC76 = "Proc. of the 15th IEEE Conf. on Dec. and Control"}
@string{CDC77 = "Proc. of the 16th IEEE Conf. on Dec. and Control"}
@string{CDC78 = "Proc. of the 17th IEEE Conf. on Dec. and Control"}
@string{CDC79 = "Proc. of the 18th IEEE Conf. on Dec. and Control"}
@string{CDC8 = "Proc. of the 8th IEEE Conf. on Dec. and Control"}
@string{CDC80 = "Proc. of the 19th IEEE Conf. on Dec. and Control"}
@string{CDC81 = "Proc. of the 20th IEEE Conf. on Dec. and Control"}
@string{CDC82 = "Proc. of the 21th IEEE Conf. on Dec. and Control"}
@string{CDC83 = "Proc. of the 22th IEEE Conf. on Dec. and Control"}
@string{CDC84 = "Proc. of the 23th IEEE Conf. on Dec. and Control"}
@string{CDC85 = "Proc. of the 24th IEEE Conf. on Dec. and Control"}
@string{CDC86 = "Proc. of the 25th IEEE Conf. on Dec. and Control"}
@string{CDC87 = "Proc. of the 26th IEEE Conf. on Dec. and Control"}
@string{CDC88 = "Proc. of the 27th IEEE Conf. on Dec. and Control"}
@string{CDC89 = "Proc. of the 28th IEEE Conf. on Dec. and Control"}
@string{CDC9 = "Proc. of the 9th IEEE Conf. on Dec. and Control"}
@string{CDC90 = "Proc. of the 29th IEEE Conf. on Dec. and Control"}
@string{CDC91 = "Proc. of the 30th IEEE Conf. on Dec. and Control"}
@string{CDC92 = "Proc. of the 31st IEEE Conf. on Dec. and Control"}
@string{CDC93 = "Proc. of the 32nd IEEE Conf. on Dec. and Control"}
@string{CDC94 = "Proc. of the 33rd IEEE Conf. on Dec. and Control"}
@string{CDC95 = "Proc. of the 34th IEEE Conf. on Dec. and Control"}
@string{CDC96 = "Proc. of the 35th IEEE Conf. on Dec. and Control"}
@string{CDC97 = "Proc. of the 36th IEEE Conf. on Dec. and Control"}
@string{CDC98 = "Proc. of the 37th IEEE Conf. on Dec. and Control"}
@string{CDC99 = "Proc. of the 38th IEEE Conf. on Dec. and Control"}
@string{CDC00 = "Proc. of the 39th IEEE Conf. on Dec. and Control"}
@string{CDC2001 = "Proc. of the 40th IEEE Conf. on Dec. and Control"}
@string{CDC2002 = "Proc. of the 41th IEEE Conf. on Dec. and Control"}
@string{CDC2003 = "Proc. of the 42th IEEE Conf. on Dec. and Control"}
@string{CDC2004 = "Proc. of the 43th IEEE Conf. on Dec. and Control"}
@string{CDC2005 = "Proc. of the 44th IEEE Conf. on Dec. and Control"}
@string{CDC2006 = "Proc. of the 45th IEEE Conf. on Dec. and Control"}
@string{CDC2007 = "Proc. of the 46th IEEE Conf. on Dec. and Control"}
@string{CDC2008 = "Proc. of the 47th IEEE Conf. on Dec. and Control"}
@string{CDC2009 = "Proc. of the 48th IEEE Conf. on Dec. and Control; held jointly with the 2009 28th Chinese Control Conference"}
@string{CDC2010 = "Proc. of the 49th IEEE Conf. on Dec. and Control"}
@string{CDC2011 = "Proc. of the 50th IEEE Conf. on Dec. and Control"}
@string{CDC2012 = "Proc. of the 51st IEEE Conf. on Dec. and Control"}
@string{CDC2013 = "Proc. of the 52nd IEEE Conf. on Dec. and Control"}
@string{CDC2014 = "Proc. of the 53rd IEEE Conf. on Dec. and Control"}
@string{CDC2015 = "Proc. of the 54th IEEE Conf. on Dec. and Control"} 



@string{CNETS  = "Comput. Networks"}
@string{CPAM  = "Comm. Pure Appl. Math."}


@string{CSM ="IEEE Control Systems Magazine"}
@string{CSSP ="Circuits Systems Signal Process"}
@string{DIFFEQ ="J. Differential Equations"}

@string{DEDS ="Discrete Event Dynamic Systems: Theory and Applications"}
@string{DMJ ="Duke Math. J."}

@string{ECP ="Electronic Comm. Prob."}


 


@string{GCD ="J. Guidance Control Dynamics"}
@string{ICASSP = "Internat. Conference on Acoustics, Speech, and Signal Processing"}
@string{IJC ="Internat. J. Control"}
@string{IJM ="Israel J. Math."}
@string{IJSS ="Internat. J. Systems Sci."}
@string{IMAC ="IMA J. Math. Control Inform."}
@string{INFCON ="Inform. and Control"}
@string{ISCAS = "Int. Conf. Circuits and Systems"}
@string{ITSM ="{IEEE} Trans. on Semiconductor Manufacturing"}
@string{IANET="{IEEE/ACM} Trans. Netw."}

@string{IJACSP ="J. Adapt. Control Signal Process."}


@string{ISIT2009 ="Proc. of the 2009 IEEE Internat.\ Symp.\ on Info.\ Theory (ISIT)"} 
@string{ISIT2010 ="Proc. of the 2010 IEEE Internat.\ Symp.\ on Info.\ Theory (ISIT)"} 


@string{ITW2009 ="Proc. of the 2009 IEEE Workshop on Networking and  Info.\ Theory (ITW)"} 
@string{ITW2010 ="Proc. of the 2010 IEEE Workshop on Networking and  Info.\ Theory (ITW)"} 
 

@string{JACM ="J. Assoc. Comput. Mach."}
@string{JAP ="J. Appl. Probab."}
@string{JASA ="J. Amer. Statist. Assoc."}
@string{JCSS = "J. Comput. System Sci."}
@string{JFA ="J. Funct. Anal."}
@string{JGC ="J. Guidance Control"}
@string{JMAA ="J. Math. Anal. Appl."}
@string{JMOM ="J. Manuf. and Oper. Management"}


@string{JMMS ="J. Multiscale Modeling Simul."}

 
@string{JOTA ="J. Optim. Theory Appl."}
@string{JRSSA ="J. Roy. Statist. Soc. Ser. A"}
@string{JRSSB ="J. Roy. Statist. Soc. Ser. B"}
@string{JRSSC ="J. Roy. Statist. Soc. Ser. C"}
@string{JTSA ="J. Time Ser. Anal."}
@string{JTP ="J. Theo. Prob."}




@string{LAA ="Linear Algebra Appl."}
@string{LNCIS = "Lecture Notes in Control and Information Sci."}
@string{LNEMS = "Lecture Notes in Econom. and Math. Systems"}


@string{ML = "Mach. Learn."}
@string{MPRF = "Markov Process. Related Fields"}
@string{MMOR ="Math. Methods Oper. Res."}
@string{MCOMP ="Math. Comp."}
@string{MCSIM ="Math. Comput. Simulation"}
@string{MCSS ="Math. Control Signals Systems"}
@string{MOR ="Math. Oper. Res."}
@string{MS ="Management Sci."}
@string{MST ="Math. Systems Theory"}
@string{MTNS = "Mathematical Theory of Networks and Systems"}

@string{NANAL ="Nonlinear Anal."}
@string{OCAM ="Optimal Control Appl. Methods"}
@string{OR ="Operations Res."}
@string{ORL ="Operations Res. Lett."}
@string{PAMS ="Proc. Amer. Math. Soc."}
@string{PJM ="Pacific J. Math."}
@string{PRF ="Prob. Theory Related Fields"}
@string{PNAS ="Proc. Nat. Acad. Sci U.S.A"}
@string{PIEEE ="Proc. IEEE"}
@string{PIT ="Problems Inform. Transmission"}
@string{PEIS ="Probab. Engrg. Inform. Sci."}
@string{PE ="Performance Evaluation"}
@string{QS ="Queueing Syst. Theory Appl."}

 

@STRING{IEEE_J_ITS        = "{IEEE} Trans. on Intelligent Transportation Systems"}
@STRING{IEEE_J_VT         = "{IEEE} Trans. on Vehicular Technology"}
@STRING{IEEE_J_VC         = "{IEEE} Trans. on Vehicular Communications"}


@string{SAC ="IEEE J.  Selected Areas in Comm."}
@string{SCL ="Systems Control Lett."}
@string{SIADM ="SIAM J. Algebraic Discrete Methods"}
@string{SIAMR ="SIAM Rev."}
@string{SICON ="SIAM J. Control Optim."}
@string{SIJAM ="SIAM J. Appl. Math."}
@string{SIJMA ="SIAM J. Math. Anal."}
@string{SIJC ="SIAM J. Comput."} 


@STRING{IEEE_J_CST        = "{IEEE} Trans. on Control Systems Technology"}
@STRING{IEEE_J_SP         = "{IEEE} Trans. on Signal Processing"}
@string{IEEE_J_WCOM="{IEEE} Trans. Wireless Commun."} 

@string{SIMATRIX ="SIAM J. Matrix Anal. Appl."}
@string{SINUM ="SIAM J. Numer. Anal."}
@string{SISTAT ="SIAM J. Sci. Statist. Comput."}
@string{STOCH ="Stochastics"}
@string{SM ="Stoch. Models"}
@string{SPA ="Stoch. Proc. Applns."}
@string{TAC ="IEEE Trans. Automat. Control"}
 . 

@string{TAMS ="Trans. Amer. Math. Soc."}
@string{TCOM ="IEEE Trans. Comm."}
@string{TIT ="IEEE Trans. Inform. Theory"}
@string{TSP ="IEEE Trans. Signal Proc."}

@string{TNN ="IEEE Trans. Neural Networks"}

@string{TWC ="Trans. Wireless Comm."}
@string{TPA ="Theory Probab. Appl."}
@string{TV ="Teor. Veroyatnost. i Primenen."}
@string{ZW ="Z. Wahrscheinlichkeitstheorie und Verw. Geb."}
@string{ZOR ="Zeitschrift f{\"u}r Oper. Res."}





