%%%%%%%%%%%%%%%%%%%%%%%%%%%%%%%%%%%%%%%%%%
%%%%%%%%%%%%%%% PFE %%%%%%%%%%%%%%%%%%%%%%
@book{Book-CB-Lugosi,
  title={Prediction, learning, and games},
  author={Cesa-Bianchi, Nicolo and Lugosi, G{\'a}bor},
  year={2006},
  publisher={Cambridge university press}
}

@article{Lit94,
  title={The weighted majority algorithm},
  author={Littlestone, Nick and Warmuth, Manfred K},
  journal={Information and computation},
  volume={108},
  number={2},
  pages={212--261},
  year={1994},
  publisher={Elsevier}
}

@article{FreSch97,
  title={A decision-theoretic generalization of on-line learning and an application to boosting},
  author={Freund, Yoav and Schapire, Robert E},
  journal={Journal of computer and system sciences},
  volume={55},
  number={1},
  pages={119--139},
  year={1997},
  publisher={Elsevier}
}

@article{CB-expert,
  title={How to use expert advice},
  author={Cesa-Bianchi, Nicolo and Freund, Yoav and Haussler, David and Helmbold, David P and Schapire, Robert E and Warmuth, Manfred K},
  journal={Journal of the ACM (JACM)},
  volume={44},
  number={3},
  pages={427--485},
  year={1997},
  publisher={ACM}
}

@article{KalVem,
  title={Efficient algorithms for online decision problems},
  author={Kalai, Adam and Vempala, Santosh},
  journal={Journal of Computer and System Sciences},
  volume={71},
  number={3},
  pages={291--307},
  year={2005},
  publisher={Elsevier}
}

@article{DevLugNeu15,
  title={Random-walk perturbations for online combinatorial optimization},
  author={Devroye, Luc and Lugosi, G{\'a}bor and Neu, Gergely},
  journal={IEEE Transactions on Information Theory},
  volume={61},
  number={7},
  pages={4099--4106},
  year={2015},
  publisher={IEEE}
}

@inproceedings{DevLugNeuCOLT,
  title={Prediction by random-walk perturbation},
  author={Devroye, Luc and Lugosi, G{\'a}bor and Neu, Gergely},
  booktitle={Conference on Learning Theory},
  pages={460--473},
  year={2013}
}


@inproceedings{Dartboard,
  title={Regret Minimization for Online Buffering Problems Using the Weighted Majority Algorithm.},
  author={Geulen, Sascha and V{\"o}cking, Berthold and Winkler, Melanie},
  booktitle={COLT},
  pages={132--143},
  year={2010}
}

@article{lazy-label-efficient-forecaster,
  title={Minimizing regret with label efficient prediction},
  author={Cesa-Bianchi, Nicolo and Lugosi, G{\'a}bor and Stoltz, Gilles},
  journal={IEEE Transactions on Information Theory},
  volume={51},
  number={6},
  pages={2152--2162},
  year={2005},
  publisher={IEEE}
}


%%%%%%%%%%%%%%%%%%%%%%%%%%%%%%%%%%%%%%%%%%
%%%%%%%%%%%%%%% MAB %%%%%%%%%%%%%%%%%%%%%%

@article{AroDekTew12,
  title={Online bandit learning against an adaptive adversary: from regret to policy regret},
  author={Arora, Raman and Dekel, Ofer and Tewari, Ambuj},
  journal={ICML},
  year={2012}
}

@article{Auer02,
  title={The nonstochastic multiarmed bandit problem},
  author={Auer, Peter and Cesa-Bianchi, Nicolo and Freund, Yoav and Schapire, Robert E},
  journal={SIAM Journal on Computing},
  volume={32},
  number={1},
  pages={48--77},
  year={2002},
  publisher={SIAM}
}


@article{Bubecksurvey,
  title={Regret analysis of stochastic and nonstochastic multi-armed bandit problems},
  author={Bubeck, S{\'e}bastien and Cesa-Bianchi, Nicolo and others},
  journal={Foundations and Trends{\textregistered} in Machine Learning},
  volume={5},
  number={1},
  pages={1--122},
  year={2012},
  publisher={Now Publishers, Inc.}
}

@article{AudBub10,
  title={Regret bounds and minimax policies under partial monitoring},
  author={Audibert, Jean-Yves and Bubeck, S{\'e}bastien},
  journal={Journal of Machine Learning Research},
  volume={11},
  number={Oct},
  pages={2785--2836},
  year={2010}
}

@inproceedings{CBDekSha13,
  title={Online learning with switching costs and other adaptive adversaries},
  author={Cesa-Bianchi, Nicolo and Dekel, Ofer and Shamir, Ohad},
  booktitle={Advances in Neural Information Processing Systems},
  pages={1160--1168},
  year={2013}
}


@inproceedings{DekDinKorPer,
  title={Bandits with switching costs: T 2/3 regret},
  author={Dekel, Ofer and Ding, Jian and Koren, Tomer and Peres, Yuval},
  booktitle={Proceedings of the forty-sixth annual ACM symposium on Theory of computing},
  pages={459--467},
  year={2014},
  organization={ACM}
}


%%%%%%%%%%%%%%%%%%%%%%%%%%%%%%%%%%%%%%%%%%
%%%%%%%%% MISCELLANEOUS REFS %%%%%%%%%%%%%
@article{OCO,
  title={Introduction to online convex optimization},
  author={Hazan, Elad and others},
  journal={Foundations and Trends{\textregistered} in Optimization},
  volume={2},
  number={3-4},
  pages={157--325},
  year={2016},
  publisher={Now Publishers, Inc.}
}

@incollection{Robbins,
  title={Some aspects of the sequential design of experiments},
  author={Robbins, Herbert},
  booktitle={Herbert Robbins Selected Papers},
  pages={169--177},
  year={1985},
  publisher={Springer}
}

@inproceedings{Yao,
  title={Probabilistic computations: Toward a unified measure of complexity},
  author={Yao, Andrew Chi-Chin},
  booktitle={Foundations of Computer Science, 1977., 18th Annual Symposium on},
  pages={222--227},
  year={1977},
  organization={IEEE}
}

@book{Concentration,
  title={Concentration inequalities: A nonasymptotic theory of independence},
  author={Boucheron, St{\'e}phane and Lugosi, G{\'a}bor and Massart, Pascal},
  year={2013},
  publisher={Oxford university press}
}

@book{GaussianIneqs,
  title={Random fields and geometry},
  author={Adler, Robert J and Taylor, Jonathan E},
  year={2009},
  publisher={Springer Science \& Business Media}
}


%%%%%%%%%%%%%%%%%%%%%%%%%%%%%%%%%%%%%%%%%%
%%%%%%%%%%%% Online Comb Opt  %%%%%%%%%%%

@inproceedings{NeuBar13,
  title={An efficient algorithm for learning with semi-bandit feedback},
  author={Neu, Gergely and Bart{\'o}k, G{\'a}bor},
  booktitle={International Conference on Algorithmic Learning Theory},
  pages={234--248},
  year={2013},
  organization={Springer}
}

@article{permelearn,
  title={Learning permutations with exponential weights},
  author={Helmbold, David P and Warmuth, Manfred K},
  journal={Journal of Machine Learning Research},
  volume={10},
  number={Jul},
  pages={1705--1736},
  year={2009}
}

@article{AweKle08,
  title={Online linear optimization and adaptive routing},
  author={Awerbuch, Baruch and Kleinberg, Robert},
  journal={Journal of Computer and System Sciences},
  volume={74},
  number={1},
  pages={97--114},
  year={2008},
  publisher={Elsevier}
}


@article{SDN,
  title={The road to SDN},
  author={Feamster, Nick and Rexford, Jennifer and Zegura, Ellen},
  journal={Queue},
  volume={11},
  number={12},
  pages={20},
  year={2013},
  publisher={ACM}
}



%%%%%%%%%%%%%%%%%%%%%%%%%%%%%%%%%%%%%%%%%%
%%%%%%%%%% GENERAL APPLICATIONS %%%%%%%%%%

@article{adaptive-huffman-coding,
  title={Dynamic huffman coding},
  author={Knuth, Donald E},
  journal={Journal of algorithms},
  volume={6},
  number={2},
  pages={163--180},
  year={1985},
  publisher={Elsevier}
}

@article{prune-decision-graph,
  title={Predicting nearly as well as the best pruning of a planar decision graph},
  author={Takimoto, Eiji and Warmuth, Manfred K},
  journal={Theoretical Computer Science},
  volume={288},
  number={2},
  pages={217--235},
  year={2002},
  publisher={Elsevier}
}

@article{prune-decision-tree,
  title={Predicting nearly as well as the best pruning of a decision tree},
  author={Helmbold, David P and Schapire, Robert E},
  journal={Machine Learning},
  volume={27},
  number={1},
  pages={51--68},
  year={1997},
  publisher={Springer}
}

@article{tree-update-problem,
  title={Self-adjusting binary search trees},
  author={Sleator, Daniel Dominic and Tarjan, Robert Endre},
  journal={Journal of the ACM (JACM)},
  volume={32},
  number={3},
  pages={652--686},
  year={1985},
  publisher={ACM}
}

@article{list-update-problem,
  title={Amortized efficiency of list update and paging rules},
  author={Sleator, Daniel D and Tarjan, Robert E},
  journal={Communications of the ACM},
  volume={28},
  number={2},
  pages={202--208},
  year={1985},
  publisher={ACM}
}

@inproceedings{hedging-structured-concepts,
  title={Hedging Structured Concepts.},
  author={Koolen, Wouter M and Warmuth, Manfred K and Kivinen, Jyrki},
  booktitle={COLT},
  pages={93--105},
  year={2010},
  organization={Citeseer}
}


@article{AudBubLug13,
  title={Regret in online combinatorial optimization},
  author={Audibert, Jean-Yves and Bubeck, S{\'e}bastien and Lugosi, G{\'a}bor},
  journal={Mathematics of Operations Research},
  volume={39},
  number={1},
  pages={31--45},
  year={2013},
  publisher={INFORMS}
}


@article{combinatorial-bandits,
  title={Combinatorial bandits},
  author={Cesa-Bianchi, Nicolo and Lugosi, G{\'a}bor},
  journal={Journal of Computer and System Sciences},
  volume={78},
  number={5},
  pages={1404--1422},
  year={2012},
  publisher={Elsevier}
}

@article{mdp-switching,
  title={Markov decision processes with arbitrary reward processes},
  author={Yu, Jia Yuan and Mannor, Shie and Shimkin, Nahum},
  journal={Mathematics of Operations Research},
  volume={34},
  number={3},
  pages={737--757},
  year={2009},
  publisher={INFORMS}
}

@article{EveKakMan09,
  title={Online Markov decision processes},
  author={Even-Dar, Eyal and Kakade, Sham M and Mansour, Yishay},
  journal={Mathematics of Operations Research},
  volume={34},
  number={3},
  pages={726--736},
  year={2009},
  publisher={INFORMS}
}


@inproceedings{Neu10,
  title={Online Markov decision processes under bandit feedback},
  author={Neu, Gergely and Antos, Andras and Gy{\"o}rgy, Andr{\'a}s and Szepesv{\'a}ri, Csaba},
  booktitle={Advances in Neural Information Processing Systems},
  pages={1804--1812},
  year={2010}
}

@article{TakWar03,
  title={Path kernels and multiplicative updates},
  author={Takimoto, Eiji and Warmuth, Manfred K},
  journal={Journal of Machine Learning Research},
  volume={4},
  number={Oct},
  pages={773--818},
  year={2003}
}

@inproceedings{AbeHazRak09,
  title={Competing in the dark: An efficient algorithm for bandit linear optimization},
  author={Abernethy, Jacob D and Hazan, Elad and Rakhlin, Alexander},
  booktitle={COLT},
  year={2009},
}

@article{GyoNeu14,
  title={Near-optimal rates for limited-delay universal lossy source coding},
  author={Gyorgy, Andras and Neu, Gergely},
  journal={IEEE Transactions on Information Theory},
  volume={60},
  number={5},
  pages={2823--2834},
  year={2014},
  publisher={IEEE}
}

@article{Sha12,
  title={Online learning and online convex optimization},
  author={Shalev-Shwartz, Shai and others},
  journal={Foundations and Trends{\textregistered} in Machine Learning},
  volume={4},
  number={2},
  pages={107--194},
  year={2012},
  publisher={Now Publishers, Inc.}
}


%%%%%%%%%%%%%%%%%%%%%%%%%%%%%%%%%%%%%%%%%%
%%%%%% UNCLASSIFIED REFS (TODO) %%%%%%%%%%

@article{Merhav02,
  title={On sequential strategies for loss functions with memory},
  author={Merhav, Neri and Ordentlich, Erik and Seroussi, Gadiel and Weinberger, Marcelo J},
  journal={IEEE Transactions on Information Theory},
  volume={48},
  number={7},
  pages={1947--1958},
  year={2002},
  publisher={IEEE}
}


@article{MWsurvey12,
  title={The Multiplicative Weights Update Method: a Meta-Algorithm and Applications.},
  author={Arora, Sanjeev and Hazan, Elad and Kale, Satyen},
  journal={Theory of Computing},
  volume={8},
  number={1},
  pages={121--164},
  year={2012}
}