
@STRING{bstj	= "Bell Syst. Tech. J." }
@STRING{ic	= "Inf. Control" }
@STRING{ire_tit	= "{IRE} Trans. Inf. Theory" }
@STRING{pcit	= "Probl. Control Inf. Theory" }
@STRING{ppi	= "Probl. Inf. Transm." }
@STRING{tit	= "{IEEE} Trans. Inf. Theory" }
@STRING{isit    = "Proc. {IEEE} Int. Symp. Inf. Theory"}
@STRING{isita   = "Proc. Int. Symp. Inf. Theory Appl."}
@STRING{itw   = "Proc. {IEEE} Inf. Theory Workshop"}
@STRING{ita   = "Proc. {UCSD} Inf. Theory Appl. Workshop"}
@STRING{itc = "{IEEE} Trans. Commum."}
@STRING{allerton_41 = "Proc. 41st Ann. Allerton Conf. Comm. Control Comput."}
@STRING{allerton_42 = "Proc. 42nd Ann. Allerton Conf. Comm. Control Comput."}
@STRING{allerton_43 = "Proc. 43rd Ann. Allerton Conf. Comm. Control Comput."}
@STRING{allerton_44 = "Proc. 44th Ann. Allerton Conf. Comm. Control Comput."}
@STRING{allerton_45 = "Proc. 45th Ann. Allerton Conf. Comm. Control Comput."}
@STRING{allerton_46 = "Proc. 46th Ann. Allerton Conf. Comm. Control Comput."}
@STRING{allerton_47 = "Proc. 47th Ann. Allerton Conf. Comm. Control Comput."}
@STRING{allerton_48 = "Proc. 48th Ann. Allerton Conf. Comm. Control Comput."}
@STRING{allerton_49 = "Proc. 49th Ann. Allerton Conf. Comm. Control Comput."}

@article{lepski2000asymptotically,
  title={Asymptotically exact nonparametric hypothesis testing in sup-norm and at a fixed point},
  author={Lepski, Oleg V and Tsybakov, Alexandre B},
  journal={Probability Theory and Related Fields},
  volume={117},
  number={1},
  pages={17--48},
  year={2000},
  publisher={Springer}
}

@article{tsybakov1996root,
  title={Root-$n$ consistent estimators of entropy for densities with unbounded support},
  author={Tsybakov, Alexandre B and Van der Meulen, EC},
  journal={Scandinavian Journal of Statistics},
  pages={75--83},
  year={1996},
  publisher={JSTOR}
}

@inproceedings{gao2016breaking,
  title={Breaking the bandwidth barrier: Geometrical adaptive entropy estimation},
  author={Gao, Weihao and Oh, Sewoong and Viswanath, Pramod},
  booktitle={Advances in Neural Information Processing Systems},
  pages={2460--2468},
  year={2016}
}

@inproceedings{kandasamy2015nonparametric,
  title={Nonparametric von mises estimators for entropies, divergences and mutual informations},
  author={Kandasamy, Kirthevasan and Krishnamurthy, Akshay and Poczos, Barnabas and Wasserman, Larry and others},
  booktitle={Advances in Neural Information Processing Systems},
  pages={397--405},
  year={2015}
}

@article{berrett2016efficient,
  title={Efficient multivariate entropy estimation via $ k $-nearest neighbour distances},
  author={Berrett, Thomas B and Samworth, Richard J and Yuan, Ming},
  journal={arXiv preprint arXiv:1606.00304},
  year={2016}
}

@inproceedings{singh2016finite,
  title={Finite-sample analysis of fixed-$k$ nearest neighbor density functional estimators},
  author={Singh, Shashank and P{\'o}czos, Barnab{\'a}s},
  booktitle={Advances in Neural Information Processing Systems},
  pages={1217--1225},
  year={2016}
}

@article{moon2016nonparametric,
  title={Nonparametric ensemble estimation of distributional functionals},
  author={Moon, Kevin R and Sricharan, Kumar and Greenewald, Kristjan and Hero III, Alfred O},
  journal={arXiv preprint arXiv:1601.06884},
  year={2016}
}

@article{el2009entropy,
  title={On entropy estimation by $m$-spacing method},
  author={El Haje Hussein, Fidah and Golubev, Yu},
  journal={Journal of Mathematical Sciences},
  volume={163},
  number={3},
  pages={290--309},
  year={2009},
  publisher={Springer}
}


@inproceedings{hall1984limit,
  title={Limit theorems for sums of general functions of $m$-spacings},
  author={Hall, Peter},
  booktitle={Mathematical Proceedings of the Cambridge Philosophical Society},
  volume={96},
  number={3},
  pages={517--532},
  year={1984},
  organization={Cambridge University Press}
}

@article{van1992estimating,
  title={Estimating functionals related to a density by a class of statistics based on spacings},
  author={Van Es, Bert},
  journal={Scandinavian Journal of Statistics},
  pages={61--72},
  year={1992},
  publisher={JSTOR}
}

@article{joe1989estimation,
  title={Estimation of entropy and other functionals of a multivariate density},
  author={Joe, Harry},
  journal={Annals of the Institute of Statistical Mathematics},
  volume={41},
  number={4},
  pages={683--697},
  year={1989},
  publisher={Springer}
}

@article{hall1993estimation,
  title={On the estimation of entropy},
  author={Hall, Peter and Morton, Sally C},
  journal={Annals of the Institute of Statistical Mathematics},
  volume={45},
  number={1},
  pages={69--88},
  year={1993},
  publisher={Springer}
}

@article{levit1978asymptotically,
  title={Asymptotically efficient estimation of nonlinear functionals},
  author={Levit, Boris Ya},
  journal={Problemy Peredachi Informatsii},
  volume={14},
  number={3},
  pages={65--72},
  year={1978},
  publisher={Russian Academy of Sciences, Branch of Informatics, Computer Equipment and Automatization}
}

@article{sricharan2012estimation,
  title={Estimation of nonlinear functionals of densities with confidence},
  author={Sricharan, Kumar and Raich, Raviv and Hero, Alfred O},
  journal={IEEE Transactions on Information Theory},
  volume={58},
  number={7},
  pages={4135--4159},
  year={2012},
  publisher={IEEE}
}

@article{delattre2017kozachenko,
  title={On the {Kozachenko--Leonenko} entropy estimator},
  author={Delattre, Sylvain and Fournier, Nicolas},
  journal={Journal of Statistical Planning and Inference},
  volume={185},
  pages={69--93},
  year={2017},
  publisher={Elsevier}
}

@inproceedings{krishnamurthy2014nonparametric,
  title={Nonparametric estimation of {R\'enyi} divergence and friends},
  author={Krishnamurthy, Akshay and Kandasamy, Kirthevasan and Poczos, Barnabas and Wasserman, Larry},
  booktitle={International Conference on Machine Learning},
  pages={919--927},
  year={2014}
}

@article{donoho1997renormalizing,
  title={Renormalizing experiments for nonlinear functionals},
  author={Donoho, David L},
  journal={Festschrift for Lucien Le Cam},
  pages={167--181},
  year={1997},
  publisher={Springer}
}

@book{korostelev2012minimax,
  title={Minimax theory of image reconstruction},
  author={Korostelev, Aleksandr Petrovich and Tsybakov, Alexandre B},
  volume={82},
  year={2012},
  publisher={Springer Science \& Business Media}
}

@incollection{hasminskii1980some,
  title={Some estimation problems for stochastic differential equations},
  author={Hasminskii, Rafail Z and Ibragimov, Ildar A},
  booktitle={Stochastic Differential Systems Filtering and Control},
  pages={1--12},
  year={1980},
  publisher={Springer}
}

@Book{Tsybakov2008,
  author	= {Tsybakov, A.},
  title		= {Introduction to Nonparametric Estimation},
  year		= {2008},
  publisher	= {Springer-Verlag},
}

@article{Qazi--Rahman2007,
  title={Some coefficient estimates for polynomials on the unit interval},
  author={Qazi, MA and Rahman, QI},
  journal={Serdica Math. J},
  volume={33},
  pages={449--474},
  year={2007}
}


@article{beirlant1997nonparametric,
  title={Nonparametric entropy estimation: An overview},
  author={Beirlant, Jan and Dudewicz, Edward J and Gy{\"o}rfi, L{\'a}szl{\'o} and Van der Meulen, Edward C},
  journal={International Journal of Mathematical and Statistical Sciences},
  volume={6},
  number={1},
  pages={17--39},
  year={1997},
  publisher={THESAURUS PUBLISHING}
}

@article{nussbaum1996asymptotic,
  title={Asymptotic equivalence of density estimation and {Gaussian} white noise},
  author={Nussbaum, Michael},
  journal={The Annals of Statistics},
  pages={2399--2430},
  year={1996},
  publisher={JSTOR}
}

@article{tchetgen2008minimax,
  title={Minimax estimation of the integral of a power of a density},
  author={Tchetgen, Eric and Li, Lingling and Robins, James and van der Vaart, Aad},
  journal={Statistics \& Probability Letters},
  volume={78},
  number={18},
  pages={3307--3311},
  year={2008},
  publisher={Elsevier}
}

@article{birge1995estimation,
  title={Estimation of integral functionals of a density},
  author={Birg{\'e}, Lucien and Massart, Pascal},
  journal={The Annals of Statistics},
  pages={11--29},
  year={1995},
  publisher={JSTOR}
}

@article{Han--Jiao--Mukherjee--Weissman2017adaptive,
  title={On Estimation of {$L_r$}-Norms in {Gaussian} White Noise Models},
  author={Han, Yanjun and Jiao, Jiantao and Mukherjee, Rajarshi and Weissman, Tsachy},
  journal={In preparation},
  year={2017}
}


@book{Boucheron--Lugosi--Massart2013,
  title={Concentration inequalities: A nonasymptotic theory of independence},
  author={Boucheron, St{\'e}phane and Lugosi, G{\'a}bor and Massart, Pascal},
  year={2013},
  publisher={Oxford University Press}
}


@article{varga1987conjecture,
  title={On a conjecture of S. Bernstein in approximation theory},
  author={Varga, Richard S and Karpenter, A Dzh},
  journal={Sbornik: Mathematics},
  volume={57},
  number={2},
  pages={547--560},
  year={1987},
  publisher={Turpion Ltd}
}


@book{hardle2012wavelets,
  title={Wavelets, approximation, and statistical applications},
  author={H{\"a}rdle, Wolfgang and Kerkyacharian, Gerard and Picard, Dominique and Tsybakov, Alexander},
  volume={129},
  year={2012},
  publisher={Springer Science \& Business Media}
}

@book{bernstein1912ordre,
  title={Sur l'ordre de la meilleure approximation des fonctions continues par des polynomes de degr{\'e} donn{\'e}},
  author={Bernstein, Serge},
  volume={4},
  year={1912},
  publisher={Hayez, imprimeur des acad{\'e}mies royales}
}

@article{besov1979integral,
  title={Integral representations of functions and imbedding theorems, v. 2},
  author={Besov, Oleg Vladimirovich and Ilyin, Valentin Petrovich},
  year={1979},
  publisher={Winston}
}


@book{Devore--Lorentz1993,
  title={Constructive approximation},
  author={DeVore, Ronald A and Lorentz, George G},
  volume={303},
  year={1993},
  publisher={Springer}
}


@article{fan2015estimation,
  title={Estimation of functionals of sparse covariance matrices},
  author={Fan, Jianqing and Rigollet, Philippe and Wang, Weichen},
  journal={Annals of statistics},
  volume={43},
  number={6},
  pages={2706},
  year={2015},
  publisher={NIH Public Access}
}

@article{mukherjee2016adaptive,
  title={On Adaptive Estimation of Nonparametric Functionals},
  author={Mukherjee, Rajarshi and Tchetgen, Eric Tchetgen and Robins, James},
  journal={arXiv preprint arXiv:1608.01364},
  year={2016}
}


@article{jiao2017maximum,
  title={Maximum likelihood estimation of functionals of discrete distributions},
  author={Jiao, Jiantao and Venkat, Kartik and Han, Yanjun and Weissman, Tsachy},
  journal={IEEE Transactions on Information Theory},
  volume={63},
  number={10},
  pages={6774--6798},
  year={2017},
  publisher={IEEE}
}

@article{han2016minimax,
  title={Minimax Rate-Optimal Estimation of Divergences between Discrete Distributions},
  author={Han, Yanjun and Jiao, Jiantao and Weissman, Tsachy},
  journal={arXiv preprint arXiv:1605.09124},
  year={2016}
}






@article{wu2016minimax,
  title={Minimax rates of entropy estimation on large alphabets via best polynomial approximation},
  author={Wu, Yihong and Yang, Pengkun},
  journal={IEEE Transactions on Information Theory},
  volume={62},
  number={6},
  pages={3702--3720},
  year={2016},
  publisher={IEEE}
}


@inproceedings{valiant2011power,
  title={The power of linear estimators},
  author={Valiant, Gregory and Valiant, Paul},
  booktitle={Foundations of Computer Science (FOCS), 2011 IEEE 52nd Annual Symposium on},
  pages={403--412},
  year={2011},
  organization={IEEE}
}



@article{mukherjee2017semiparametric,
  title={Semiparametric Efficient Empirical Higher Order Influence Function Estimators},
  author={Mukherjee, Rajarshi and Newey, Whitney K and Robins, James M},
  journal={arXiv preprint arXiv:1705.07577},
  year={2017}
}


@article{robins2015higher,
  title={Higher Order Estimating Equations for High-dimensional Models},
  author={Robins, James and Li, Lingling and Mukherjee, Rajarshi and Tchetgen, Eric Tchetgen and van der Vaart, Aad},
  journal={The Annals of Statistics (To Appear)},
  year={2016}
}


@article{robins1992estimating,
  title={Estimating exposure effects by modelling the expectation of exposure conditional on confounders},
  author={Robins, James M and Mark, Steven D and Newey, Whitney K},
  journal={Biometrics},
  pages={479--495},
  year={1992},
  publisher={JSTOR}
}




@article{crump2009dealing,
  title={Dealing with limited overlap in estimation of average treatment effects},
  author={Crump, Richard K and Hotz, V Joseph and Imbens, Guido W and Mitnik, Oscar A},
  journal={Biometrika},
  pages={asn055},
  year={2009},
  publisher={Biometrika Trust}
}


@incollection{gine2000exponential,
	Author = {Gin{\'e}, Evarist and Latala, Rafal and Zinn, Joel},
	Booktitle = {High Dimensional Probability II},
	Pages = {13--38},
	Publisher = {Springer},
	Title = {Exponential and moment inequalities for U-statistics},
	Year = {2000}}

@article{houdre2003exponential,
	Author = {Houdr{\'e}, Christian and Reynaud-Bouret, Patricia},
	Booktitle = {Stochastic inequalities and applications},
	Pages = {55--69},
	Publisher = {Springer},
	Title = {Exponential inequalities, with constants, for U-statistics of order two},
	Year = {2003}}

@article{cohen1993wavelets,
  title={Wavelets on the interval and fast wavelet transforms},
  author={Cohen, Albert and Daubechies, Ingrid and Vial, Pierre},
  journal={Applied and computational harmonic analysis},
  volume={1},
  number={1},
  pages={54--81},
  year={1993},
  publisher={Elsevier}
}

@article{baraud2002model,
  title={Model selection for regression on a random design},
  author={Baraud, Yannick},
  journal={ESAIM: Probability and Statistics},
  volume={6},
  pages={127--146},
  year={2002},
  publisher={Cambridge Univ Press}
}

@article{brown2007variance,
  title={Variance estimation in nonparametric regression via the difference sequence method},
  author={Brown, Lawrence D and Levine, M},
  journal={The Annals of Statistics},
  volume={35},
  number={5},
  pages={2219--2232},
  year={2007},
  publisher={Institute of Mathematical Statistics}
}


@article{cai2008adaptive,
  title={Adaptive variance function estimation in heteroscedastic nonparametric regression},
  author={Cai, T Tony and Wang, Lie},
  journal={The Annals of Statistics},
  volume={36},
  number={5},
  pages={2025--2054},
  year={2008},
  publisher={Institute of Mathematical Statistics}
}


@article{ruppert1997local,
  title={Local polynomial variance-function estimation},
  author={Ruppert, David and Wand, Matthew P and Holst, Ulla and H{\"o}SJER, Ola},
  journal={Technometrics},
  volume={39},
  number={3},
  pages={262--273},
  year={1997},
  publisher={Taylor \& Francis}
}


@article{hall1989variance,
  title={Variance function estimation in regression: the effect of estimating the mean},
  author={Hall, Peter and Carroll, RJ},
  journal={Journal of the Royal Statistical Society. Series B (Methodological)},
  pages={3--14},
  year={1989},
  publisher={JSTOR}
}


@article{fan1998efficient,
  title={Efficient estimation of conditional variance functions in stochastic regression},
  author={Fan, Jianqing and Yao, Qiwei},
  journal={Biometrika},
  volume={85},
  number={3},
  pages={645--660},
  year={1998},
  publisher={Biometrika Trust}
}


@article{petrov1995limit,
  title={Limit Theorems of Probability Theory. Sequences of Independent Random Variables, vol. 4 of},
  author={Petrov, Valentin V},
  journal={Oxford Studies in Probability},
  year={1995}
}

@article{gine2015mathematical,
  title={Mathematical foundations of infinite-dimensional statistical models},
  author={Gin{\'e}, Evarist and Nickl, Richard},
  journal={Cambridge Series in Statistical and Probabilistic Mathematics},
  year={2015}
}

@article{gine2009uniform,
  title={Uniform limit theorems for wavelet density estimators},
  author={Gin{\'e}, Evarist and Nickl, Richard},
  journal={The Annals of Probability},
  pages={1605--1646},
  year={2009},
  publisher={JSTOR}
}


@book{van2000asymptotic,
  title={Asymptotic statistics},
  author={Van der Vaart, Aad W},
  volume={3},
  year={2000},
  publisher={Cambridge university press}
}



@book{bickel1993efficient,
  title={Efficient and adaptive estimation for semiparametric models},
  author={Bickel, Peter J and Klaassen, Chris AJ and Bickel, Peter J and Ritov, Y and Klaassen, J and Wellner, Jon A and Ritov, YA'Acov},
  year={1993},
  publisher={Johns Hopkins University Press Baltimore}
}



@article{mukherjee2015binary,
  title={Optimal Adaptive Inference in Random Design Binary Regression},
  author={Mukherjee, Rajarshi and Sen,Subhabrata},
  journal={Bernoulli (To Appear)},
  year={2016}
}



@article{lepski1992problems,
	Author = {Lepski, Oleg V},
	Journal = {Topics in nonparametric estimation},
	Pages = {87--106},
	Title = {On problems of adaptive estimation in white Gaussian noise},
	Volume = {12},
	Year = {1992}}

@article{gine2011rates,
  title={Rates of contraction for posterior distributions in L r-metrics, 1≤ r≤∞},
  author={Gin{\'e}, Evarist and Nickl, Richard},
  journal={The Annals of Statistics},
  pages={2883--2911},
  year={2011},
  publisher={JSTOR}
}


@article{mukherjee2015lepski,
  title={Lepski's Method and Adaptive Estimation of Nonlinear Integral Functionals of Density},
  author={Mukherjee, Rajarshi and Tchetgen Tchetgen, Eric  and Robins, James},
  journal={arXiv preprint arXiv:1508.00249},
  year={2015}
}



@article{gayraud1999wavelet,
  title={Wavelet methods to estimate an integrated quadratic functional: Adaptivity and asymptotic law},
  author={Gayraud, Ghislaine and Tribouley, Karine},
  journal={Statistics \& probability letters},
  volume={44},
  number={2},
  pages={109--122},
  year={1999},
  publisher={Elsevier}
}



@article{tribouley2000adaptive,
  title={Adaptive estimation of integrated functionals},
  author={Tribouley, K},
  journal={Mathematical Methods of Statistics},
  volume={9},
  number={1},
  pages={19--38},
  year={2000},
  publisher={New York: Allerton Press, c1992-}
}


@article{gayraudadaptive,
  title={Adaptive Estimation and Confidence Interval for a Quadratic Functional by Wavelet Methods},
  author={Gayraud, Ghislaine and Tribouley, Karine}
}

@book{ibragimov2013statistical,
  title={Statistical estimation: asymptotic theory},
  author={Ibragimov, Ilʹdar Abdulovich and Has'minskii, Rafail Z},
  volume={16},
  year={2013},
  publisher={Springer Science \& Business Media}
}

@article{nemirovski2000topics,
  title={Topics in non-parametric statistics},
  author={Nemirovski, Arkadi},
  journal={Ecole d’Et{\'e} de Probabilit{\'e}s de Saint-Flour},
  volume={28},
  pages={85},
  year={2000}
}



@article{kandasamy2014influence,
  title={Influence Functions for Machine Learning: Nonparametric Estimators for Entropies, Divergences and Mutual Informations},
  author={Kandasamy, Kirthevasan and Krishnamurthy, Akshay and Poczos, Barnabas and Wasserman, Larry and Robins, James M},
  journal={arXiv preprint arXiv:1411.4342},
  year={2014}
}

@inproceedings{pal2010estimation,
  title={Estimation of R{\'e}nyi entropy and mutual information based on generalized nearest-neighbor graphs},
  author={P{\'a}l, D{\'a}vid and P{\'o}czos, Barnab{\'a}s and Szepesv{\'a}ri, Csaba},
  booktitle={Advances in Neural Information Processing Systems},
  pages={1849--1857},
  year={2010}
}


@article{leonenko2010statistical,
  title={Statistical inference for the ϵ-entropy and the quadratic R{\'e}nyi entropy},
  author={Leonenko, Nikolaj and Seleznjev, Oleg},
  journal={Journal of Multivariate Analysis},
  volume={101},
  number={9},
  pages={1981--1994},
  year={2010},
  publisher={Elsevier}
}

@article{beirlant1997nonparametric,
  title={Nonparametric entropy estimation: An overview},
  author={Beirlant, Jan and Dudewicz, Edward J and Gy{\"o}rfi, L{\'a}szl{\'o} and Van der Meulen, Edward C},
  journal={International Journal of Mathematical and Statistical Sciences},
  volume={6},
  number={1},
  pages={17--39},
  year={1997},
  publisher={THESAURUS PUBLISHING}
}



@article{efromovich1994adaptive,
  title={Adaptive estimates of linear functionals},
  author={Efromovich, Sam and Low, Mark G},
  journal={Probability theory and related fields},
  volume={98},
  number={2},
  pages={261--275},
  year={1994},
  publisher={Springer}
}

@article{lepskii1991problem,
  title={On a problem of adaptive estimation in Gaussian white noise},
  author={Lepski, OV},
  journal={Theory of Probability \& Its Applications},
  volume={35},
  number={3},
  pages={454--466},
  year={1991},
  publisher={SIAM}
}

@article{lepskii1992asymptotically,
  title={Asymptotically minimax adaptive estimation. I: Upper bounds. Optimally adaptive estimates},
  author={Lepski, OV},
  journal={Theory of Probability \& Its Applications},
  volume={36},
  number={4},
  pages={682--697},
  year={1992},
  publisher={SIAM}
}

@article{lepskii1993asymptotically,
  title={Asymptotically minimax adaptive estimation. II. Schemes without optimal adaptation: Adaptive estimators},
  author={Lepski, OV},
  journal={Theory of Probability \& Its Applications},
  volume={37},
  number={3},
  pages={433--448},
  year={1993},
  publisher={SIAM}
}


@article{ingster1987minimax,
  title={Minimax testing of nonparametric hypotheses on a distribution density in the L\_p metrics},
  author={Ingster, Yu I},
  journal={Theory of Probability \& Its Applications},
  volume={31},
  number={2},
  pages={333--337},
  year={1987},
  publisher={SIAM}
}



@article{efromovich1996bickel,
  title={On Bickel and Ritov's conjecture about adaptive estimation of the integral of the square of density derivative},
  author={Efromovich, Sam and Low, Mark and others},
  journal={The Annals of Statistics},
  volume={24},
  number={2},
  pages={682--686},
  year={1996},
  publisher={Institute of Mathematical Statistics}
}

@article{birge2001alternative,
  title={An alternative point of view on Lepski's method},
  author={Birg{\'e}, Lucien},
 journal={Lecture Notes-Monograph Series},
  pages={113--133},
  year={2001},
  publisher={JSTOR}
}

@article{low1992renormalization,
  title={Renormalization and white noise approximation for nonparametric functional estimation problems},
  author={Low, Mark G},
  journal={The Annals of Statistics},
  pages={545--554},
  year={1992},
  publisher={JSTOR}
}

@article{efromovich1994adaptive,
  title={Adaptive estimates of linear functionals},
  author={Efromovich, Sam and Low, Mark G},
  journal={Probability theory and related fields},
  volume={98},
  number={2},
  pages={261--275},
  year={1994},
  publisher={Springer}
}

@article{efromovich2000adaptive,
  title={Adaptive estimation of the integral of squared regression derivatives},
  author={Efromovich, Sam and Samarov, Alexander},
  journal={Scandinavian journal of statistics},
  volume={27},
  number={2},
  pages={335--351},
  year={2000},
  publisher={Wiley Online Library}
}

@article{klemela2001sharp,
  title={Sharp adaptive estimation of linear functionals},
  author={Klemela, Jussi and Tsybakov, Alexandre B},
  journal={The Annals of statistics},
  pages={1567--1600},
  year={2001},
  publisher={JSTOR}
}

@article{laurent2000adaptive,
  title={Adaptive estimation of a quadratic functional by model selection},
  author={Laurent, Beatrice and Massart, Pascal},
  journal={Annals of Statistics},
  pages={1302--1338},
  year={2000},
  publisher={JSTOR}
}
@incollection{robins2008higher,
  title={Higher order influence functions and minimax estimation of nonlinear functionals},
  author={Robins, James and Li, Lingling and Tchetgen, Eric and van der Vaart, Aad},
  booktitle={Probability and Statistics: Essays in Honor of David A. Freedman},
  pages={335--421},
  year={2008},
  publisher={Institute of Mathematical Statistics}
}

@article{cai2005adaptive1,
  title={On adaptive estimation of linear functionals},
  author={Cai, T Tony and Low, Mark G},
  journal={The Annals of Statistics},
  volume={33},
  number={5},
  pages={2311--2343},
  year={2005},
  publisher={Institute of Mathematical Statistics}
}

@article{cai2005adaptive2,
  title={Adaptive estimation of linear functionals under different performance measures},
  author={Cai, T Tony and Low, Mark G},
  journal={Bernoulli},
  volume={11},
  number={2},
  pages={341--358},
  year={2005},
  publisher={Bernoulli Society for Mathematical Statistics and Probability}
}

@article{cai2006adaptation,
  title={Adaptation under probabilistic error for estimating linear functionals},
  author={Cai, T Tony and Low, Mark G},
  journal={Journal of multivariate analysis},
  volume={97},
  number={1},
  pages={231--245},
  year={2006},
  publisher={Elsevier}
}

@article{cai2006optimal,
  title={Optimal adaptive estimation of a quadratic functional},
  author={Cai, T Tony and Low, Mark G},
  journal={The Annals of Statistics},
  volume={34},
  number={5},
  pages={2298--2325},
  year={2006},
  publisher={Institute of Mathematical Statistics}
}


@article{cai2008adaptive,
  title={Adaptive variance function estimation in heteroscedastic nonparametric regression},
  author={Cai, T Tony and Wang, Lie},
  journal={The Annals of Statistics},
  volume={36},
  number={5},
  pages={2025--2054},
  year={2008},
  publisher={Institute of Mathematical Statistics}
}

@article{cai2011testing,
  title={Testing composite hypotheses, Hermite polynomials and optimal estimation of a nonsmooth functional},
  author={Cai, T Tony and Low, Mark G },
  journal={The Annals of Statistics},
  volume={39},
  number={2},
  pages={1012--1041},
  year={2011},
  publisher={Institute of Mathematical Statistics}
}

@article{lepski1999estimation,
  title={On estimation of the {$L_r$} norm of a regression function},
  author={Lepski, Oleg and Nemirovski, Arkady and Spokoiny, Vladimir},
  journal={Probability theory and related fields},
  volume={113},
  number={2},
  pages={221--253},
  year={1999},
  publisher={Springer}
}

@article{cai2003note,
  title={A note on nonparametric estimation of linear functionals},
  author={Cai, T Tony and Low, Mark G},
  journal={Annals of statistics},
  pages={1140--1153},
  year={2003},
  publisher={JSTOR}
}

@article{cai2005nonquadratic,
  title={Nonquadratic estimators of a quadratic functional},
  author={Cai, T Tony and Low, Mark G},
  journal={The Annals of Statistics},
  pages={2930--2956},
  year={2005},
  publisher={JSTOR}
}

@article{donoho1990minimax1,
  title={Minimax risk over hyperrectangles, and implications},
  author={Donoho, David L and Liu, Richard C and MacGibbon, Brenda},
  journal={The Annals of Statistics},
  pages={1416--1437},
  year={1990},
  publisher={JSTOR}
}


@article{laurent1996efficient,
  title={Efficient estimation of integral functionals of a density},
  author={Laurent, B{\'e}atrice},
  journal={The Annals of Statistics},
  volume={24},
  number={2},
  pages={659--681},
  year={1996},
  publisher={Institute of Mathematical Statistics}
}

@article{kerkyacharian1996estimating,
  title={Estimating nonquadratic functionals of a density using Haar wavelets},
  author={Kerkyacharian, G{\'e}rard and Picard, Dominique},
  journal={The Annals of Statistics},
  volume={24},
  number={2},
  pages={485--507},
  year={1996},
  publisher={Institute of Mathematical Statistics}
}


@article{cai2004minimax,
  title={Minimax estimation of linear functionals over nonconvex parameter spaces},
  author={Cai, T Tony and Low, Mark G},
  journal={Annals of statistics},
  pages={552--576},
  year={2004},
  publisher={JSTOR}
}

@article{fan1991estimation,
  title={On the estimation of quadratic functionals},
  author={Fan, Jianqing},
  journal={The Annals of Statistics},
  pages={1273--1294},
  year={1991},
  publisher={JSTOR}
}


@article{donoho1990minimax2,
  title={Minimax quadratic estimation of a quadratic functional},
  author={Donoho, David L and Nussbaum, Michael},
  journal={Journal of Complexity},
  volume={6},
  number={3},
  pages={290--323},
  year={1990},
  publisher={Elsevier}
}



@article{bickel1988estimating,
  title={Estimating integrated squared density derivatives: sharp best order of convergence estimates},
  author={Bickel, Peter J and Ritov, Ya’acov},
  journal={Sankhy{\=a}: The Indian Journal of Statistics, Series A},
  pages={381--393},
  year={1988},
  publisher={JSTOR}
}

@article{hall1987estimation,
  title={Estimation of integrated squared density derivatives},
  author={Hall, Peter and Marron, James Stephen},
  journal={Statistics \& Probability Letters},
  volume={6},
  number={2},
  pages={109--115},
  year={1987},
  publisher={Elsevier}
}


@incollection{gine2000exponential,
  title={Exponential and moment inequalities for U-statistics},
  author={Gin{\'e}, Evarist and Lata{\l}a, Rafa{\l} and Zinn, Joel},
  booktitle={High Dimensional Probability II},
  pages={13--38},
  year={2000},
  publisher={Springer}
}

@article{tchetgen2008minimax,
  title={Minimax estimation of the integral of a power of a density},
  author={Tchetgen, Eric and Li, Lingling and Robins, James and van der Vaart, Aad},
  journal={Statistics \& Probability Letters},
  volume={78},
  number={18},
  pages={3307--3311},
  year={2008},
  publisher={Elsevier}
}

@article{robins2009semiparametric,
  title={Semiparametric minimax rates},
  author={Robins, James and Tchetgen, Eric Tchetgen and Li, Lingling and van der Vaart, Aad},
  journal={Electronic Journal of Statistics},
  volume={3},
  pages={1305--1321},
  year={2009},
  publisher={Institute of Mathematical Statistics}
}

@book{hardle1998wavelets,
  title={Wavelets, approximation, and statistical applications},
  author={H{\"a}rdle, Wolfgang and Kerkyacharian, Gerard and Tsybakov, Alexander and Picard, Dominique},
  year={1998},
  publisher={Springer}
}

@article{bull2013adaptive,
  title={Adaptive confidence sets in L\^{} 2},
  author={Bull, Adam D and Nickl, Richard},
  journal={Probability Theory and Related Fields},
  volume={156},
  number={3-4},
  pages={889--919},
  year={2013},
  publisher={Springer}
}


@article{gine2008simple,
  title={A simple adaptive estimator of the integrated square of a density},
  author={Gin{\'e}, Evarist and Nickl, Richard},
  journal={Bernoulli},
  pages={47--61},
  year={2008},
  publisher={JSTOR}
}


@article{birge1995estimation,
  title={Estimation of integral functionals of a density},
  author={Birg{\'e}, Lucien and Massart, Pascal},
  journal={The Annals of Statistics},
  pages={11--29},
  year={1995},
  publisher={JSTOR}
}


@article{brown1996constrained,
  title={A constrained risk inequality with applications to nonparametric functional estimation},
  author={Brown, Lawrence D and Low, Mark G},
  journal={The annals of Statistics},
  volume={24},
  number={6},
  pages={2524--2535},
  year={1996},
  publisher={Institute of Mathematical Statistics}
}

@article{adamczak2006moment,
  title={Moment inequalities for U-statistics},
  author={Adamczak, Rados{\l}aw},
  journal={The Annals of Probability},
  volume={34},
  number={6},
  pages={2288--2314},
  year={2006},
  publisher={Institute of Mathematical Statistics}
}


@article{efromovich1996optimal,
  title={On optimal adaptive estimation of a quadratic functional},
  author={Efromovich, Sam and Low, Mark},
  journal={The Annals of Statistics},
  volume={24},
  number={3},
  pages={1106--1125},
  year={1996},
  publisher={Institute of Mathematical Statistics}
}

@article{wang2011exponential,
  title={On the exponential inequality for acceptable random variables},
  author={Wang, Yuebao and Li, Yawei and Gao, Qingwu},
  journal={Journal of Inequalities and Applications},
  volume={2011},
  number={1},
  pages={1--10},
  year={2011},
  publisher={Springer}
}

@article{gine2000exponential,
  title={Exponential and moment inequalities for U-statistics},
  author={Gin{\'e}, Evarist and Lata{\l}a, Rafa{\l} and Zinn, Joel},
  booktitle={High Dimensional Probability II},
  pages={13--38},
  year={2000},
  publisher={Springer}
}

@article{houdre2003exponential,
  title={Exponential inequalities, with constants, for U-statistics of order two},
  author={Houdr{\'e}, Christian and Reynaud-Bouret, Patricia},
  journal={Stochastic inequalities and applications},
  pages={55--69},
  year={2003},
  publisher={Springer}
}


@article{rltv2015,
  title={Asymptotic Normality of Quadratic Estimators},
  author={Robins, James and Li, Linling and Tchetgen, Eric  and Van der Vaart, Aad W},
pages={submitted to \textit{Festschrift for Everist Gine, Stochastic Processes and Its Applications}},
  year={2015},
  publisher={Festschrigt for Everist Gine, Stochastic Processes and Its Applications},
}

@article{joag1983negative,
  title={Negative association of random variables with applications},
  author={Joag-Dev, Kumar and Proschan, Frank},
  journal={The Annals of Statistics},
  pages={286--295},
  year={1983},
  publisher={JSTOR}
}

@article{shao2000comparison,
  title={A comparison theorem on moment inequalities between negatively associated and independent random variables},
  author={Shao, Qi-Man},
  journal={Journal of Theoretical Probability},
  volume={13},
  number={2},
  pages={343--356},
  year={2000},
  publisher={Springer}
}

@article{duoandikoetxea2001fourier,
  title={Fourier analysis, volume 29 of Graduate Studies in Mathematics},
  author={Duoandikoetxea, Javier},
  journal={American Mathematical Society, Providence, RI},
  year={2001}
}


@article{grafakos2010classical,
  title={Classical Fourier analysis 3rd edn},
  author={Grafakos, Loukas},
  journal={Graduate Texts in Mathematics},
  volume={249},
  year={2010}
}

@article{gross1975logarithmic,
  title={Logarithmic sobolev inequalities},
  author={Gross, Leonard},
  journal={American Journal of Mathematics},
  volume={97},
  number={4},
  pages={1061--1083},
  year={1975},
  publisher={JSTOR}
}

@article{carlen1991superadditivity,
  title={Superadditivity of Fisher's information and logarithmic Sobolev inequalities},
  author={Carlen, Eric A},
  journal={Journal of Functional Analysis},
  volume={101},
  number={1},
  pages={194--211},
  year={1991},
  publisher={Elsevier}
}

@article{mordell1928magnitude,
  title={The magnitude of the derivative of a function},
  author={Mordell, LJ},
  journal={Journal of the London Mathematical Society},
  volume={1},
  number={2},
  pages={119--121},
  year={1928},
  publisher={Wiley Online Library}
}

@book{mitrinovic2012inequalities,
  title={Inequalities involving functions and their integrals and derivatives},
  author={Mitrinovic, Dragoslav S and Pecaric, Josip and Fink, Arlington M},
  volume={53},
  year={2012},
  publisher={Springer Science \& Business Media}
}

@article{artstein2012functional,
  title={Functional affine-isoperimetry and an inverse logarithmic Sobolev inequality},
  author={Artstein-Avidan, Shiri and Klartag, Boaz and Sch{\"u}tt, Carsten and Werner, E},
  journal={Journal of Functional Analysis},
  volume={262},
  number={9},
  pages={4181--4204},
  year={2012},
  publisher={Elsevier}
}

@inproceedings{Perez2008kullback,
  title={{K}ullback-{L}eibler divergence estimation of continuous distributions},
  author={P{\'e}rez-Cruz, Fernando},
  booktitle={Information Theory, 2008. ISIT 2008. IEEE International Symposium on},
  pages={1666--1670},
  year={2008},
  organization={IEEE}
}

@inproceedings{Gretton--Borgwardt--Rasch--Scholkopf--Smola2006kernel,
  title={A kernel method for the two-sample-problem},
  author={Gretton, Arthur and Borgwardt, Karsten M and Rasch, Malte and Sch{\"o}lkopf, Bernhard and Smola, Alex J},
  booktitle={Advances in neural information processing systems},
  pages={513--520},
  year={2006}
}

@article{Lee--Park2006estimation,
  title={Estimation of {K}ullback--{L}eibler divergence by local likelihood},
  author={Lee, Young Kyung and Park, Byeong U},
  journal={Annals of the Institute of Statistical Mathematics},
  volume={58},
  number={2},
  pages={327--340},
  year={2006},
  publisher={Springer}
}

@article{Cai--Kulkarni--Verdu2006universal,
  title={Universal divergence estimation for finite-alphabet sources},
  author={Cai, Haixiao and Kulkarni, Sanjeev R and Verd{\'u}, Sergio},
  journal={Information Theory, IEEE Transactions on},
  volume={52},
  number={8},
  pages={3456--3475},
  year={2006},
  publisher={IEEE}
}

@misc{VerduTalk,
  title = {Relative Entropy},
  howpublished = {\url{http://videolectures.net/nips09_verdu_re/}},
  note = {Accessed: 2016-03-14}
}

@misc{Devroye--Gyorfi--Lugosi1996probabilistic,
  title={A probabilistic theory of pattern recognition},
  author={Devroye, L and Gy{\"o}rfi, L and Lugosi, G},
  year={1996},
  publisher={Springer-Verlag}
}

@book{Feller2008introduction,
  title={An introduction to probability theory and its applications},
  author={Feller, Willliam},
  volume={2},
  year={2008},
  publisher={John Wiley \& Sons}
}

@article{Diaconis--Zabell1991closed,
  title={Closed form summation for classical distributions: variations on a theme of de Moivre},
  author={Diaconis, Persi and Zabell, Sandy},
  journal={Statistical Science},
  pages={284--302},
  year={1991},
  publisher={JSTOR}
}

@inproceedings{Walk1980probabilistic,
  title={Probabilistic methods in the approximation by linear positive operators},
  author={Walk, Harro},
  booktitle={Indagationes Mathematicae (Proceedings)},
  volume={83},
  number={4},
  pages={445--455},
  year={1980},
  organization={Elsevier}
}

@article{Hahn1981note,
  title={A note on stochastic methods in connection with approximation theorems for positive linear operators},
  author={Hahn, Lothar and others},
  journal={Pacific J. Math},
  volume={101},
  pages={307--319},
  year={1981}
}

@book{Small2010expansions,
  title={Expansions and asymptotics for statistics},
  author={Small, Christopher G},
  year={2010},
  publisher={CRC Press}
}

@book{Barndorff--Cox1989asymptotic,
  title={Asymptotic techniques for use in statistics},
  author={Barndorff-Nielsen, Ole E and Cox, David Roxbee},
  year={1989},
  publisher={Chapman$\backslash$ \& Hall}
}

@book{Hall1992bootstrap,
  title={The bootstrap and Edgeworth expansion},
  author={Hall, Peter},
  year={1992},
  publisher={Springer Science \& Business Media}
}

@article{Efron--Stein1981jackknife,
  title={The jackknife estimate of variance},
  author={Efron, Bradley and Stein, Charles},
  journal={The Annals of Statistics},
  pages={586--596},
  year={1981},
  publisher={JSTOR}
}

@INPROCEEDINGS{Han--Jiao--Weissman2015adaptive, 
author={Yanjun Han and Jiantao Jiao and Weissman, T.}, 
booktitle={Information Theory (ISIT), 2015 IEEE International Symposium on}, 
title={Adaptive estimation of {S}hannon entropy}, 
year={2015}, 
pages={1372-1376}, 
keywords={adaptive estimation;approximation theory;entropy;maximum likelihood estimation;minimax techniques;probability;JVHW estimator;MLE;Shannon entropy adaptive estimation;approximation theoretic estimator;effective sample size enlargement phenomenon;minimax rate-optimal estimator;nested sequence;probability;Complexity theory;Maximum likelihood estimation;Silicon carbide}, 
doi={10.1109/ISIT.2015.7282680}, 
month={June},}

@article{Han--Jiao--Weissman2015jensen,
  title={How to bound the gap of {J}ensen's inequality?},
  author={Han, Yanjun and Jiao, Jiantao and Weissman, Tsachy},
  journal={in preparation}
}

@article{Han--Jiao--Weissman2015adaptive,
  title={Adaptive estimation of {S}hannon entropy},
  author={Han, Yanjun and Jiao, Jiantao and Weissman, Tsachy},
  journal={submitted}
}

@book{Gonska--Kovacheva1994second,
  title={The second order modulus revisited: remarks, applications, problems},
  author={Gonska, Heinz H and Kovacheva, RK},
  year={1994},
  publisher={Universit{\`a} di Bari}
}

@book{Gonska1979quantitative,
  title={Quantitative Aussagen zur Approximation durch positive lineare Operatoren},
  author={Gonska, Heinz Herbert},
  year={1979},
  publisher={Gesamthochschule Duisburg}
}

@article{Strukov--Timan1977mathematical,
  title={Mathematical expectation of continuous functions of random variables. Smoothness and variance},
  author={Strukov, LI and Timan, AF},
  journal={Siberian Mathematical Journal},
  volume={18},
  number={3},
  pages={469--474},
  year={1977},
  publisher={Springer}
}




@book{Dai--Xu2013approximation,
  title={Approximation theory and harmonic analysis on spheres and balls},
  author={Dai, Feng and Xu, Yuan},
  year={2013},
  publisher={Springer}
}

@book{Totik2013polynomial,
  title={Polynomial Approximation on Polytopes},
  author={Totik, Vilmos },
  volume={232},
  year={2013},
  publisher={Memoirs of the American Mathematical Society}
}


@article{Jiao--Han--Weissman2015divergence,
  title={Minimax estimation of divergence functions},
  author={Jiao, Jiantao and Han, Yanjun and Weissman, Tsachy},
  journal={in preparation}
}

@article{Rice1963tchebycheff,
  title={Tchebycheff approximation in several variables},
  author={Rice, John R},
  journal={Transactions of the American Mathematical Society},
  pages={444--466},
  year={1963},
  publisher={JSTOR}
}

@misc{Voinov--Nikulin1996unbiased,
  title={Unbiased Estimators and Their Applications, Vols. 1, 2},
  author={Voinov, Vasili{\u\i}} Grigorʹevich and Nikulin, Mikhail Stepanovich},
  publisher={Kluwer, Dordrecht (1993, 1996)}
}


@article{Kolmogorov1950unbiased,
  title={Unbiased estimates},
  author={Kolmogorov, Andrei Nikolaevich},
  journal={Izvestiya Rossiiskoi Akademii Nauk. Seriya Matematicheskaya},
  volume={14},
  number={4},
  pages={303--326},
  year={1950},
  publisher={Russian Academy of Sciences, Branch of Mathematical Sciences}
}

@article{Halmos1946theory,
  title={The theory of unbiased estimation},
  author={Halmos, Paul R and others},
  journal={The Annals of Mathematical Statistics},
  volume={17},
  number={1},
  pages={34--43},
  year={1946},
  publisher={Institute of Mathematical Statistics}
}

@article{Cai2012minimax,
  title={Minimax and adaptive inference in nonparametric function estimation},
  author={Cai, T Tony and others},
  journal={Statistical Science},
  volume={27},
  number={1},
  pages={31--50},
  year={2012},
  publisher={Institute of Mathematical Statistics}
}

@article{Han--Jiao--Weissman2015adaptive,
  title={Adaptive estimation of {S}hannon entropy},
  author={Han, Yanjun and Jiao, Jiantao and Weissman, Tsachy},
  journal={in preparation}
}

@incollection{Brown1994minimaxity,
  title={Minimaxity, more or less},
  author={Brown, Lawrence D},
  booktitle={Statistical Decision Theory and Related Topics V},
  pages={1--18},
  year={1994},
  publisher={Springer}
}

@article{Brown2000essay,
  title={An essay on statistical decision theory},
  author={Brown, Lawrence D},
  journal={Journal of the American Statistical Association},
  volume={95},
  number={452},
  pages={1277--1281},
  year={2000},
  publisher={Taylor \& Francis}
}

@article{Kroo--Pinkus2010strong,
  title={Strong uniqueness},
  author={Kro{\'o}, Andr{\'a}s and Pinkus, Allan},
  journal={Surv. Approx. Theory},
  volume={5},
  pages={1--91},
  year={2010}
}

@inproceedings{Santhanam--Orlitsky--Viswanathan2007new,
  title={New tricks for old dogs: Large alphabet probability estimation},
  author={Santhanam, NP and Orlitsky, A and Viswanathan, K},
  booktitle={Information Theory Workshop, 2007. ITW'07. IEEE},
  pages={638--643},
  year={2007},
  organization={IEEE}
}

@article{Bunge--Fitzpatrick1993estimating,
  title={Estimating the number of species: a review},
  author={Bunge, John and Fitzpatrick, M},
  journal={Journal of the American Statistical Association},
  volume={88},
  number={421},
  pages={364--373},
  year={1993},
  publisher={Taylor \& Francis Group}
}

 @article{Efron--Thisted1976,
     jstor_articletype = {research-article},
     title = {Estimating the Number of Unsen Species: How Many Words Did Shakespeare Know?},
     author = {Efron, Bradley and Thisted, Ronald},
     journal = {Biometrika},
     jstor_issuetitle = {},
     volume = {63},
     number = {3},
     jstor_formatteddate = {Dec., 1976},
     pages = {pp. 435-447},
     url = {http://www.jstor.org/stable/2335721},
     ISSN = {00063444},
     abstract = {Shakespeare wrote 31 534 different words, of which 14 376 appear only once, 4343 twice, etc. The question considered is how many words he knew but did not use. A parametric empirical Bayes model due to Fisher and a nonparametric model due to Good & Toulmin are examined. The latter theory is augmented using linear programming methods. We conclude that the models are equivalent to supposing that Shakespeare knew at least 35 000 more words.},
     language = {English},
     year = {1976},
     publisher = {Biometrika Trust},
     copyright = {Copyright © 1976 Biometrika Trust},
    }


@book{Vapnik1998statistical,
  title={Statistical learning theory},
  author={Vapnik, Vladimir Naumovich and Vapnik, Vlamimir},
  volume={2},
  year={1998},
  publisher={Wiley New York}
}

@book{Vapnik2006estimation,
  title={Estimation of dependences based on empirical data},
  author={Vapnik, Vladimir and Kotz, Samuel},
  year={2006},
  publisher={Springer}
}

@article{Valiant1984theory,
  title={A theory of the learnable},
  author={Valiant, Leslie G},
  journal={Communications of the ACM},
  volume={27},
  number={11},
  pages={1134--1142},
  year={1984},
  publisher={ACM}
}

@book{Serdobolskii2007multiparametric,
  title={Multiparametric statistics},
  author={Serdobolskii, Vadim Ivanovich},
  year={2007},
  publisher={Elsevier}
}

@article{He--Shal2000parameters,
  title={On parameters of increasing dimensions},
  author={He, Xuming and Shao, Qi-Man},
  journal={Journal of Multivariate Analysis},
  volume={73},
  number={1},
  pages={120--135},
  year={2000},
  publisher={Elsevier}
}

@article{Spokoiny2013bernstein,
  title={Bernstein-von Mises Theorem for growing parameter dimension},
  author={Spokoiny, Vladimir},
  journal={arXiv preprint arXiv:1302.3430},
  year={2013}
}

@article{Boucheron--Gassiat2009bernstein,
  title={A Bernstein-von Mises theorem for discrete probability distributions},
  author={Boucheron, St{\'e}phane and Gassiat, Elisabeth},
  journal={Electronic Journal of Statistics},
  volume={3},
  pages={114--148},
  year={2009},
  publisher={Institute of Mathematical Statistics}
}

@article{Spokoiny2012parametric,
  title={Parametric estimation. Finite sample theory},
  author={Spokoiny, Vladimir and others},
  journal={The Annals of Statistics},
  volume={40},
  number={6},
  pages={2877--2909},
  year={2012},
  publisher={Institute of Mathematical Statistics}
}

@article{Juditsky--Nemirovski2009nonparametric,
  title={Nonparametric estimation by convex programming},
  author={Juditsky, Anatoli B and Nemirovski, Arkadi S},
  journal={The Annals of Statistics},
  pages={2278--2300},
  year={2009},
  publisher={JSTOR}
}

@article{Donoho1994statistical,
  title={Statistical estimation and optimal recovery},
  author={Donoho, David L},
  journal={The Annals of Statistics},
  pages={238--270},
  year={1994},
  publisher={JSTOR}
}

@article{Donoho--Liu1991geometrizing3,
  title={Geometrizing rates of convergence, III},
  author={Donoho, David L and Liu, Richard C},
  journal={The Annals of Statistics},
  pages={668--701},
  year={1991},
  publisher={JSTOR}
}

@article{Donoho--Liu1991geometrizing2,
  title={Geometrizing rates of convergence, II},
  author={Donoho, David L and Liu, Richard C},
  journal={The Annals of Statistics},
  pages={633--667},
  year={1991},
  publisher={JSTOR}
}

@inproceedings{Nowozin2012improved,
  title={Improved Information Gain Estimates for Decision Tree Induction},
  author={Nowozin, Sebastian},
  booktitle={Proceedings of the 29th International Conference on Machine Learning (ICML-12)},
  pages={297--304},
  year={2012}
}

@article{Nemenman--Bialek--vanSteveninck2004entropy,
  title={Entropy and information in neural spike trains: Progress on the sampling problem},
  author={Nemenman, Ilya and Bialek, William and van Steveninck, Rob de Ruyter},
  journal={Physical Review E},
  volume={69},
  number={5},
  pages={056111},
  year={2004},
  publisher={APS}
}

@article{Nemenman2011coincidences,
  title={Coincidences and estimation of entropies of random variables with large cardinalities},
  author={Nemenman, Ilya},
  journal={Entropy},
  volume={13},
  number={12},
  pages={2013--2023},
  year={2011},
  publisher={Molecular Diversity Preservation International}
}

@article{Grassberger2008entropy,
  title={Entropy estimates from insufficient samplings},
  author={Grassberger, Peter},
  journal={arXiv preprint physics/0307138},
  year={2008}
}

@article{Han--Jiao--Weissman2015Bayes,
  title={Does {D}irichilet Prior Smoothing Solve the {S}hannon Entropy Estimation Problem?},
  author={Han, Yanjun and Jiao, Jiantao and Weissman, Tsachy},
  journal={submitted}
}

@article{Miller1974jackknife,
  title={The jackknife-a review},
  author={Miller, Rupert G},
  journal={Biometrika},
  volume={61},
  number={1},
  pages={1--15},
  year={1974},
  publisher={Biometrika Trust}
}

@book{Wald1950statistical,
  title={Statistical decision functions.},
  author={Wald, Abraham},
  year={1950},
  publisher={Wiley}
}

@book{mitzenmacher2005probability,
  title={Probability and computing: Randomized algorithms and probabilistic analysis},
  author={Mitzenmacher, Michael and Upfal, Eli},
  year={2005},
  publisher={Cambridge University Press}
}

@article{joag-dev1983,
author = {Joag-Dev, Kumar and Proschan, Frank},
journal = {The Annals of Statistics},
month = {March},
number = {1},
pages = {286--295},
publisher = {The Institute of Mathematical Statistics},
title = {Negative Association of Random Variables with Applications},
volume = {11},
year = {1983},
}

@article{Cai--Low2006optimal,
  title={Optimal adaptive estimation of a quadratic functional},
  author={Cai, T Tony and Low, Mark G},
  journal={The Annals of Statistics},
  volume={34},
  number={5},
  pages={2298--2325},
  year={2006},
  publisher={Institute of Mathematical Statistics}
}

@article{Cai--Low2005nonquadratic,
  title={Nonquadratic estimators of a quadratic functional},
  author={Cai, T Tony and Low, Mark G},
  journal={The Annals of Statistics},
  pages={2930--2956},
  year={2005},
  publisher={JSTOR}
}

@article{Cai--Low2005adaptive,
  title={On adaptive estimation of linear functionals},
  author={Cai, T Tony and Low, Mark G},
  journal={The Annals of Statistics},
  volume={33},
  number={5},
  pages={2311--2343},
  year={2005},
  publisher={Institute of Mathematical Statistics}
}

@article{Cai--Low2004minimax,
  title={Minimax estimation of linear functionals over nonconvex parameter spaces},
  author={Cai, T Tony and Low, Mark G},
  journal={Annals of statistics},
  pages={552--576},
  year={2004},
  publisher={JSTOR}
}

@article{Jiao--Courtade--Venkat--Weissman2014Justification,
  title={Justification of Logarithmic Loss via the Benefit of Side Information},
  author={Jiao, Jiantao and Courtade, Thomas and Venkat, Kartik and Weissman, Tsachy},
  journal={arXiv preprint arXiv:1403.4679},
  year={2014}
}


@article{Chow--Liu1968,
  title={Approximating discrete probability distributions with dependence trees},
  author={Chow, C and Liu, C},
  journal={Information Theory, IEEE Transactions on},
  volume={14},
  number={3},
  pages={462--467},
  year={1968},
  publisher={IEEE}
}

@article{Paninski--Yajima2008undersmoothed,
  title={Undersmoothed kernel entropy estimators},
  author={Paninski, Liam and Yajima, Masanao},
  journal={Information Theory, IEEE Transactions on},
  volume={54},
  number={9},
  pages={4384--4388},
  year={2008},
  publisher={IEEE}
}

@article{Hall--Morton1993estimation,
  title={On the estimation of entropy},
  author={Hall, Peter and Morton, Sally C},
  journal={Annals of the Institute of Statistical Mathematics},
  volume={45},
  number={1},
  pages={69--88},
  year={1993},
  publisher={Springer}
}

@book{Korostelev--Tsybakov1993minimax,
  title={Minimax theory of image reconstruction},
  author={Korostelev, Aleksandr Petrovich and Tsybakov, Alexandre B},
  year={1993},
  publisher={Springer}
}

@article{Ibragimov--Hasminskii1980estimate,
  title={On estimate of the density function},
  author={Ibragimov, Il'dar Abdullovich and Khas' minskii, Rafail Zalmanovich},
  journal={Zapiski Nauchnykh Seminarov POMI},
  volume={98},
  pages={61--85},
  year={1980},
  publisher={St. Petersburg Department of Steklov Institute of Mathematics, Russian Academy of Sciences}
}

@article{Hall--Marron1987estimation,
  title={Estimation of integrated squared density derivatives},
  author={Hall, Peter and Marron, James Stephen},
  journal={Statistics \& Probability Letters},
  volume={6},
  number={2},
  pages={109--115},
  year={1987},
  publisher={Elsevier}
}

@article{Efromovich--Low1996bickel,
  title={On Bickel and Ritov's conjecture about adaptive estimation of the integral of the square of density derivative},
  author={Efromovich, Sam and Low, Mark},
  journal={The Annals of Statistics},
  volume={24},
  number={2},
  pages={682--686},
  year={1996},
  publisher={Institute of Mathematical Statistics}
}

@article{Fan1991estimation,
  title={On the estimation of quadratic functionals},
  author={Fan, Jianqing},
  journal={The Annals of Statistics},
  pages={1273--1294},
  year={1991},
  publisher={JSTOR}
}

@article{Donoho--Nussbaum1990minimax,
  title={Minimax quadratic estimation of a quadratic functional},
  author={Donoho, David L and Nussbaum, Michael},
  journal={Journal of Complexity},
  volume={6},
  number={3},
  pages={290--323},
  year={1990},
  publisher={Elsevier}
}

@inproceedings{Ibragimov--Hasminskii1978nonparametric,
  title={On the nonparametric estimation of functionals},
  author={Ibragimov, IA and Khasminskii, RZ},
  booktitle={Symposium in Asymptotic Statistics},
  pages={41--52},
  year={1978}
}

@article{Levit1978asymptotically,
  title={Asymptotically efficient estimation of nonlinear functionals},
  author={Levit, Boris Ya},
  journal={Problemy Peredachi Informatsii},
  volume={14},
  number={3},
  pages={65--72},
  year={1978},
  publisher={Russian Academy of Sciences, Branch of Informatics, Computer Equipment and Automatization}
}

@article{Donoho--Liu1991geometrizing,
  title={Geometrizing rates of convergence, III},
  author={Donoho, David L and Liu, Richard C},
  journal={The Annals of Statistics},
  pages={668--701},
  year={1991},
  publisher={JSTOR}
}

@article{Ibragimov--Hasminskii1988estimation,
  title={Estimation of linear functionals in Gaussian noise},
  author={Ibragimov, IA and Khas' minskii, RZ},
  journal={Theory of Probability \& Its Applications},
  volume={32},
  number={1},
  pages={30--39},
  year={1988},
  publisher={SIAM}
}

@article{Koshevnik--Levit1977non,
  title={On a non-parametric analogue of the information matrix},
  author={Koshevnik, Yu A and Levit, B Ya},
  journal={Theory of Probability \& Its Applications},
  volume={21},
  number={4},
  pages={738--753},
  year={1977},
  publisher={SIAM}
}

@article{Levit1975efficiency,
  title={On efficiency of a class of non-parametric estimates},
  author={Levit, Boris Ya},
  journal={Teoriya Veroyatnostei i ee Primeneniya},
  volume={20},
  number={4},
  pages={738--754},
  year={1975},
  publisher={Russian Academy of Sciences, Branch of Mathematical Sciences}
}

@inproceedings{Levit1974optimality,
  title={On optimality of some statistical estimates},
  author={Levit, B Ya},
  booktitle={Proceedings of the Prague symposium on asymptotic statistics},
  volume={2},
  pages={215--238},
  year={1974}
}

@book{Gnedenko--Kolmogorov1968limit,
  title={Limit distributions for sums of independent random variables},
  author={Gnedenko, Boris Vladimirovich and Kolmogorov, Andrei Nikolaevich},
  volume={233},
  year={1968},
  publisher={Addison-Wesley Reading, Massachusetts}
}

@book{Lehmann--Casella1998theory,
  title={Theory of point estimation},
  author={Lehmann, Erich Leo and Casella, George},
  volume={31},
  year={1998},
  publisher={Springer}
}

@article{Gill--Levit1995applications,
  title={Applications of the van Trees inequality: a {B}ayesian {C}ram{\'e}r-{R}ao bound},
  author={Gill, Richard D and Levit, Boris Y},
  journal={Bernoulli},
  pages={59--79},
  year={1995},
  publisher={JSTOR}
}

@article{Tsybakov2013aggregation,
  title={Aggregation and high-dimensional statistics},
  author={Tsybakov, AB},
  journal={Lecture notes for the course given at the {\'E}cole d’{\'e}t{\'e} de Probabilit{\'e}s in Saint-Flour, URL http://www. crest. fr/ckfinder/userfiles/files/Pageperso/ATsybakov/Lecture\_notes\_SFlour. pdf},
  volume={16},
  pages={20},
  year={2013}
}

@inproceedings{Valiant--Valiant2011power,
  title={The power of linear estimators},
  author={Valiant, Gregory and Valiant, Paul},
  booktitle={Foundations of Computer Science (FOCS), 2011 IEEE 52nd Annual Symposium on},
  pages={403--412},
  year={2011},
  organization={IEEE}
}


@book{Mitzenmacher--Upfal2005probability,
  title={Probability and computing: Randomized algorithms and probabilistic analysis},
  author={Mitzenmacher, Michael and Upfal, Eli},
  year={2005},
  publisher={Cambridge University Press}
}

@article{Cichon--Golkbiewski--Kardas--Klonowski,
  title={On Delta-Method of Moments and Probabilistic Sums},
  author={Cicho{\'n}, Jacek and Golkebiewski, Zbigniew and Kardas, Marcin and Klonowski, Marek},
  publisher={SIAM},
  year = {2013},
  publisher = {SODA}
}

@article{Flajolet1999singularity,
  title={Singularity analysis and asymptotics of Bernoulli sums},
  author={Flajolet, Philippe},
  journal={Theoretical Computer Science},
  volume={215},
  number={1},
  pages={371--381},
  year={1999},
  publisher={Elsevier}
}

@article{Jacquet--Szpankowski1999entropy,
  title={Entropy computations via analytic depoissonization},
  author={Jacquet, Philippe and Szpankowski, Wojciech},
  journal={Information Theory, IEEE Transactions on},
  volume={45},
  number={4},
  pages={1072--1081},
  year={1999},
  publisher={IEEE}
}

@article{Ibragimov--Nemirovskii--Khasminskii1987some,
  title={Some problems on nonparametric estimation in {G}aussian white noise},
  author={Ibragimov, Ildar A and Nemirovskii, Arkadi S and Hasminskii, Rafail Z},
  journal={Theory of Probability \& Its Applications},
  volume={31},
  number={3},
  pages={391--406},
  year={1987},
  publisher={SIAM}
}

@book{stein2016singular,
  title={Singular integrals and differentiability properties of functions (PMS-30)},
  author={Stein, Elias M},
  year={1979},
  publisher={Princeton university press}
}

@article{jiao2017bias,
  title={Bias Correction with Jackknife, Bootstrap, and Taylor Series},
  author={Jiao, Jiantao and Han, Yanjun and Weissman, Tsachy},
  journal={arXiv preprint arXiv:1709.06183},
  year={2017}
}

@article{karunamuni2005boundary,
  title={On boundary correction in kernel density estimation},
  author={Karunamuni, Rhoana J and Alberts, Tom},
  journal={Statistical Methodology},
  volume={2},
  number={3},
  pages={191--212},
  year={2005},
  publisher={Elsevier}
}

@article{patschkowski2016adaptation,
  title={Adaptation to lowest density regions with application to support recovery},
  author={Patschkowski, Tim and Rohde, Angelika},
  journal={The Annals of Statistics},
  volume={44},
  number={1},
  pages={255--287},
  year={2016},
  publisher={Institute of Mathematical Statistics}
}

@article{Jiao--Venkat--Han--Weissman2015minimax,
  title={Minimax estimation of functionals of discrete distributions},
  author={Jiao, Jiantao and Venkat, Kartik and Han, Yanjun and Weissman, Tsachy},
  journal={Information Theory, IEEE Transactions on},
  volume={61},
  number={5},
  pages={2835--2885},
  year={2015},
  publisher={IEEE}
}

@article{Bickel--Ritov1988estimating,
  title={Estimating integrated squared density derivatives: sharp best order of convergence estimates},
  author={Bickel, Peter J and Ritov, Ya},
  journal={Sankhy{\=a}: The Indian Journal of Statistics, Series A},
  pages={381--393},
  year={1988},
  publisher={JSTOR}
}

@article{Ben--Raviv1978renyi,
  title={R\'enyi's Entropy and the Probability of Error},
  author={Ben-Bassat, Moshe and Raviv, Josef},
  journal={Information Theory, IEEE Transactions on},
  volume={24},
  number={3},
  pages={324--331},
  year={1978},
  publisher={IEEE}
}

@book{Polya2014solve,
  title={How to solve it: A new aspect of mathematical method},
  author={P\'olya, George},
  year={2014},
  publisher={Princeton university press}
}

@article{Polyanskiy--Poor--Verdu2010channel,
  title={Channel coding rate in the finite blocklength regime},
  author={Polyanskiy, Yury and Poor, H Vincent and Verd{\'u}, Sergio},
  journal={Information Theory, IEEE Transactions on},
  volume={56},
  number={5},
  pages={2307--2359},
  year={2010},
  publisher={IEEE}
}

@article{wolframalpha,
    author   = {WolframAlpha},
    title    = {Interpolating Polynomials},
    url      = {\url{http://www.wolframalpha.com/}},
    note     = {Last visited on 06/16/2014},
    publisher = {Wolfram Alpha LLC}
}


@article{mathematica,
  title={Mathematica},
  edition  = {Version 9.0},
  author={Inc. , Wolfram Research},
  year={2013}
}

@article{Javanmard--Montanari2013confidence,
  title={Confidence intervals and hypothesis testing for high-dimensional regression},
  author={Javanmard, Adel and Montanari, Andrea},
  journal={arXiv preprint arXiv:1306.3171},
  year={2013}
}

@article{Efron1979bootstrap,
  title={Bootstrap methods: another look at the {J}ackknife},
  author={Efron, Bradley},
  journal={The Annals of Statistics},
  pages={1--26},
  year={1979},
  publisher={JSTOR}
}

@article{Takaguchi--Nakamura--Sato--Yano--Masuda2011predictability,
  title={Predictability of conversation partners},
  author={Takaguchi, Taro and Nakamura, Mitsuhiro and Sato, Nobuo and Yano, Kazuo and Masuda, Naoki},
  journal={Physical Review X},
  volume={1},
  number={1},
  pages={011008},
  year={2011},
  publisher={APS}
}

@article{Song--Qu--Blumm--Barabsi2010limits,
  title={Limits of predictability in human mobility},
  author={Song, Chaoming and Qu, Zehui and Blumm, Nicholas and Barab{\'a}si, Albert-L{\'a}szl{\'o}},
  journal={Science},
  volume={327},
  number={5968},
  pages={1018--1021},
  year={2010},
  publisher={American Association for the Advancement of Science}
}

@inproceedings{Paninski2004variational,
  title={Variational Minimax Estimation of Discrete Distributions under {KL} Loss},
  author={Paninski, Liam},
  booktitle={Advances in Neural Information Processing Systems},
  pages = {1033-1040},
  year={2004}
}

@article{Rissanen1986stochastic,
  title={Stochastic complexity and modeling},
  author={Rissanen, Jorma},
  journal={The Annals of Statistics},
  pages={1080--1100},
  year={1986},
  publisher={JSTOR}
}

@article{Braess--Dette2004asymptotic,
  title={The asymptotic minimax risk for the estimation of constrained binomial and multinomial probabilities},
  author={Braess, Dietrich and Dette, Holger},
  journal={Sankhy{\=a}: The Indian Journal of Statistics},
  pages={707--732},
  year={2004},
  publisher={JSTOR}
}

@book{Chentsov1972statisticheskie,
  title={Statisticheskie reshayushchie pravila i optimal’nye vyvody},
  author={Chentsov, NN},
  year={1972},
  publisher={Nauka, Moskva ({E}ngl. transl.: 1982, Statistical decision rules and optimal inference, American Mathematical Society, Providence)}
}


@article{Remez1934determination,
  title={Sur la d{\'e}termination des polyn{\^o}mes d’approximation de degr{\'e} donn{\'e}e},
  author={Remez, E Ya},
  journal={Comm. Soc. Math. Kharkov},
  volume={10},
  pages={41--63},
  year={1934}
}

@book{Eldar--Kutyniok2012compressed,
  title={Compressed sensing: theory and applications},
  author={Eldar, Yonina C and Kutyniok, Gitta},
  year={2012},
  publisher={Cambridge University Press}
}

@article{Weierstrassanalytische,
  title={{\"U}ber die analytische Darstellbarkeit sogenannter willk{\"u}rlicher Funktionen einer reellen Ver{\"a}nderlichen, Sitz. ber},
  author={Weierstrass, K},
  journal={Dtsch. Akad. Wiss. Berl. Kl. Math. Phys. Tech},
  pages={633--639}
}

@article{Donoho2000Curse,
  title={Aide-Memoire. High-Dimensional Data Analysis: The Curses and Blessings of Dimensionality},
  author={Donoho, David L},
  year={2000}
}

@inproceedings{Hajek1972local,
  title={Local asymptotic minimax and admissibility in estimation},
  author={H{\'a}jek, Jaroslav},
  booktitle={Proceedings of the sixth Berkeley symposium on mathematical statistics and probability},
  volume={1},
  pages={175--194},
  year={1972}
}

@article{Hajek1970characterization,
  title={A characterization of limiting distributions of regular estimates},
  author={H{\'a}jek, Jaroslav},
  journal={Zeitschrift f{\"u}r Wahrscheinlichkeitstheorie und verwandte Gebiete},
  volume={14},
  number={4},
  pages={323--330},
  year={1970},
  publisher={Springer}
}

@article{Zahl1977jackknifing,
  title={Jackknifing an index of diversity},
  author={Zahl, Samuel},
  journal={Ecology},
  volume={58},
  number={4},
  pages={907--913},
  year={1977},
  publisher={Eco Soc America}
}

@article{Grassberger1988finite,
  title={Finite sample corrections to entropy and dimension estimates},
  author={Grassberger, Peter},
  journal={Physics Letters A},
  volume={128},
  number={6},
  pages={369--373},
  year={1988},
  publisher={Elsevier}
}

@article{Franchini--Its--Korepin2008Renyi,
  title={R\'enyi entropy of the {XY} spin chain},
  author={Franchini, Fabio and Its, AR and Korepin, VE},
  journal={Journal of Physics A: Mathematical and Theoretical},
  volume={41},
  number={2},
  pages={025302},
  year={2008},
  publisher={IOP Publishing}
}

@article{Hill1973diversity,
  title={Diversity and evenness: a unifying notation and its consequences},
  author={Hill, Mark O},
  journal={Ecology},
  volume={54},
  number={2},
  pages={427--432},
  year={1973},
  publisher={Eco Soc America}
}

@inproceedings{Courtade--Verdu2014cumulant,
  title={Cumulant generating function of codeword lengths in optimal lossless compression},
  author={Courtade, Thomas A. and Verd\'u, Sergio},
  booktitle={Proc. of IEEE International Symposium on Information Theory (ISIT)},
  year={2014}
}


@inproceedings{Courtade--Verdu2014variable,
  title={Variable-length lossy compression and channel coding: non-asymptotic converses via cumulant generating functions},
  author={Courtade, Thomas A. and Verd\'u, Sergio},
  booktitle={Proc. of IEEE International
Symposium on Information Theory (ISIT) },
  year={2014}
}




@inproceedings{Valiant--Valiant2013estimating,
  title={Estimating the Unseen: improved Estimators for Entropy and other Properties},
  author={Valiant, Paul and Valiant, Gregory},
  booktitle={Advances in Neural Information Processing Systems},
  pages={2157--2165},
  year={2013}
}

@article{Batina--Gierlichs--Prouff--Rivain--Standaert--Veyrat2011mutual,
  title={Mutual information analysis: a comprehensive study},
  author={Batina, Lejla and Gierlichs, Benedikt and Prouff, Emmanuel and Rivain, Matthieu and Standaert, Fran{\c{c}}ois-Xavier and Veyrat-Charvillon, Nicolas},
  journal={Journal of Cryptology},
  volume={24},
  number={2},
  pages={269--291},
  year={2011},
  publisher={Springer}
}

@article{Viola--Wells1997alignment,
  title={Alignment by maximization of mutual information},
  author={Viola, Paul and Wells III, William M},
  journal={International journal of computer vision},
  volume={24},
  number={2},
  pages={137--154},
  year={1997},
  publisher={Springer}
}

@article{Pluim--Maintz--Viergever2003mutual,
  title={Mutual-information-based registration of medical images: a survey},
  author={Pluim, Josien PW and Maintz, JB Antoine and Viergever, Max A},
  journal={Medical Imaging, IEEE Transactions on},
  volume={22},
  number={8},
  pages={986--1004},
  year={2003},
  publisher={IEEE}
}

@article{Olsen--Meyer--Bontempi2009impact,
  title={On the impact of entropy estimation on transcriptional regulatory network inference based on mutual information},
  author={Olsen, Catharina and Meyer, Patrick E and Bontempi, Gianluca},
  journal={EURASIP Journal on Bioinformatics and Systems Biology},
  volume={2009},
  number={1},
  pages={308959},
  year={2009},
  publisher={BioMed Central}
}

@book{Quinlan1993c4,
  title={C4. 5: programs for machine learning},
  author={Quinlan, John Ross},
  volume={1},
  year={1993},
  publisher={Morgan kaufmann}
}

@book{Breiman--Friedman--Stone--Olshen1984classification,
  title={Classification and regression trees},
  author={Breiman, Leo and Friedman, Jerome and Stone, Charles J and Olshen, Richard A},
  year={1984},
  publisher={CRC press}
}

@article{Linsker1988self,
  title={Self-organization in a perceptual network},
  author={Linsker, Ralph},
  journal={Computer},
  volume={21},
  number={3},
  pages={105--117},
  year={1988},
  publisher={IEEE}
}

@article{Jiao--Venkat--Han--Weissman2014beyond,
  title={Beyond Maximum Likelihood: from Theory to Practice},
  author={Jiao, Jiantao and Venkat, Kartik and Han, Yanjun and Weissman, Tsachy},
  journal={arXiv preprint arXiv:1409.7458},
  year={2014}
}

@article{Nemenman--Shafee--Bialek2001,
  title={Entropy and inference, revisited},
  author={Nemenman, Ilya and Shafee, Fariel and Bialek, William},
  journal={NIPS},
  year={2002}
}

@article{Wainwright--Jordan2008,
  title={Graphical models, exponential families, and variational inference},
  author={Wainwright, Martin J and Jordan, Michael I},
  journal={Foundations and Trends{\textregistered} in Machine Learning},
  volume={1},
  number={1-2},
  pages={1--305},
  year={2008},
  publisher={Now Publishers Inc.}
}

@book{Koller--Friedman2009,
  title={Probabilistic graphical models: principles and techniques},
  author={Koller, Daphne and Friedman, Nir},
  year={2009},
  publisher={MIT press}
}


@misc{GoogleScholar,
  title = {Google Scholar},
  howpublished = {\url{http://scholar.google.com}},
  note = {Accessed: 2014-09-11}
}

@inproceedings{James--Stein1961estimation,
  title={Estimation with quadratic loss},
  author={James, William and Stein, Charles},
  booktitle={Proceedings of the fourth Berkeley symposium on mathematical statistics and probability},
  volume={1},
  number={1961},
  pages={361--379},
  year={1961}
}

@article{Meyer--Kontos--Lafitte--Bontempi2007information,
  title={Information-theoretic inference of large transcriptional regulatory networks},
  author={Meyer, Patrick E and Kontos, Kevin and Lafitte, Frederic and Bontempi, Gianluca},
  journal={EURASIP journal on bioinformatics and systems biology},
  volume={2007},
  year={2007},
  publisher={Hindawi Publishing Corporation}
}

@article{Zhou2011structure,
  title={Structure learning of probabilistic graphical models: a comprehensive survey},
  author={Zhou, Yang},
  journal={arXiv preprint arXiv:1111.6925},
  year={2011}
}

@article{Greenwood--Wefelmeyer1999reversible,
  title={Reversible Markov chains and optimality of symmetrized empirical estimators},
  author={Greenwood, Priscilla E and Wefelmeyer, Wolfgang},
  journal={Bernoulli},
  pages={109--123},
  year={1999},
  publisher={JSTOR}
}

@article{Yang--Bruno--Hlavacek--Pearson2006imposing,
  title={On imposing detailed balance in complex reaction mechanisms},
  author={Yang, Jin and Bruno, William J and Hlavacek, William S and Pearson, John E},
  journal={Biophysical journal},
  volume={91},
  number={3},
  pages={1136},
  year={2006},
  publisher={The Biophysical Society}
}

@inproceedings{Stein1956inadmissibility,
  title={Inadmissibility of the usual estimator for the mean of a multivariate normal distribution},
  author={Stein, Charles},
  booktitle={Proceedings of the Third Berkeley symposium on mathematical statistics and probability},
  volume={1},
  number={399},
  pages={197--206},
  year={1956}
}

@article{Efron1982maximum,
  title={Maximum likelihood and decision theory},
  author={Efron, Bradley},
  journal={The Annals of Statistics},
  pages={340--356},
  year={1982},
  publisher={JSTOR}
}

@article{Stigler2007epic,
  title={The epic story of maximum likelihood},
  author={Stigler, Stephen M},
  journal={Statistical Science},
  volume={22},
  number={4},
  pages={598--620},
  year={2007},
  publisher={Institute of Mathematical Statistics}
}

@article{Berkson1980minimum,
  title={Minimum chi-square, not maximum likelihood!},
  author={Berkson, Joseph},
  journal={The Annals of Statistics},
  pages={457--487},
  year={1980},
  publisher={JSTOR}
}

@article{Fisher1934two,
  title={Two new properties of mathematical likelihood},
  author={Fisher, Ronald Aylmer},
  journal={Proceedings of the Royal Society of London. Series A},
  volume={144},
  number={852},
  pages={285--307},
  year={1934},
  publisher={The Royal Society}
}

@inproceedings{Fisher1925theory,
  title={Theory of statistical estimation},
  author={Fisher, Ronald Aylmer},
  booktitle={Mathematical Proceedings of the Cambridge Philosophical Society},
  volume={22},
  number={05},
  pages={700--725},
  year={1925},
  organization={Cambridge Univ Press}
}

@article{Fisher1922mathematical,
  title={On the mathematical foundations of theoretical statistics},
  author={Fisher, Ronald Aylmer},
  journal={Philosophical Transactions of the Royal Society of London. Series A, Containing Papers of a Mathematical or Physical Character},
  pages={309--368},
  year={1922},
  publisher={JSTOR}
}

@article{Tan--Anandkumar--Tong--Willsky2011large,
  title={A large-deviation analysis of the maximum-likelihood learning of Markov tree structures},
  author={Tan, Vincent YF and Anandkumar, Animashree and Tong, Lang and Willsky, Alan S},
  journal={Information Theory, IEEE Transactions on},
  volume={57},
  number={3},
  pages={1714--1735},
  year={2011},
  publisher={IEEE}
}

@article{Chow--Wagner1973consistency,
  title={Consistency of an estimate of tree-dependent probability distributions (Corresp.)},
  author={Chow, C and Wagner, T},
  journal={Information Theory, IEEE Transactions on},
  volume={19},
  number={3},
  pages={369--371},
  year={1973},
  publisher={IEEE}
}

@article{LeCam1990maximum,
  title={Maximum likelihood: an introduction},
  author={Le Cam, Lucien},
  year={1979},
  journal={Statistics Branch, Department of Mathematics, University of Maryland}
}



@article{Friedman--Geiger--Goldszmidt1997bayesian,
  title={Bayesian network classifiers},
  author={Friedman, Nir and Geiger, Dan and Goldszmidt, Moises},
  journal={Machine learning},
  volume={29},
  number={2-3},
  pages={131--163},
  year={1997},
  publisher={Springer}
}
@article{Chow--Liu1968approximating,
  title={Approximating discrete probability distributions with dependence trees},
  author={Chow, C and Liu, C},
  journal={IEEE Trans. Inf. Theory},
  volume={14},
  number={3},
  pages={462--467},
  year={1968},
  publisher={IEEE}
}

@book{Hastie--Tibshirani--Friedman2009elements,
  title={The elements of statistical learning},
  author={Hastie, Trevor and Tibshirani, Robert and Friedman, Jerome},
  volume={2},
  number={1},
  year={2009},
  publisher={Springer}
}

@article{Ben--Raviv1978renyi,
  title={R\'enyi's Entropy and the Probability of Error},
  author={Ben-Bassat, Moshe and Raviv, Josef},
  journal={Information Theory, IEEE Transactions on},
  volume={24},
  number={3},
  pages={324--331},
  year={1978},
  publisher={IEEE}
}

@book{Polya2014solve,
  title={How to solve it: A new aspect of mathematical method},
  author={P\'olya, George},
  year={2014},
  publisher={Princeton university press}
}

@article{Polyanskiy--Poor--Verdu2010channel,
  title={Channel coding rate in the finite blocklength regime},
  author={Polyanskiy, Yury and Poor, H Vincent and Verd{\'u}, Sergio},
  journal={Information Theory, IEEE Transactions on},
  volume={56},
  number={5},
  pages={2307--2359},
  year={2010},
  publisher={IEEE}
}

@article{wolframalpha,
    author   = {WolframAlpha},
    title    = {Interpolating Polynomials},
    url      = {\url{http://www.wolframalpha.com/}},
    note     = {Last visited on 06/16/2014},
    publisher = {Wolfram Alpha LLC}
}


@article{mathematica,
  title={Mathematica},
  edition  = {Version 9.0},
  author={Inc. , Wolfram Research},
  year={2013}
}

@article{Javanmard--Montanari2013confidence,
  title={Confidence intervals and hypothesis testing for high-dimensional regression},
  author={Javanmard, Adel and Montanari, Andrea},
  journal={arXiv preprint arXiv:1306.3171},
  year={2013}
}

@article{Efron1979bootstrap,
  title={Bootstrap methods: another look at the {J}ackknife},
  author={Efron, Bradley},
  journal={The Annals of Statistics},
  pages={1--26},
  year={1979},
  publisher={JSTOR}
}

@article{Takaguchi--Nakamura--Sato--Yano--Masuda2011predictability,
  title={Predictability of conversation partners},
  author={Takaguchi, Taro and Nakamura, Mitsuhiro and Sato, Nobuo and Yano, Kazuo and Masuda, Naoki},
  journal={Physical Review X},
  volume={1},
  number={1},
  pages={011008},
  year={2011},
  publisher={APS}
}

@article{Song--Qu--Blumm--Barabsi2010limits,
  title={Limits of predictability in human mobility},
  author={Song, Chaoming and Qu, Zehui and Blumm, Nicholas and Barab{\'a}si, Albert-L{\'a}szl{\'o}},
  journal={Science},
  volume={327},
  number={5968},
  pages={1018--1021},
  year={2010},
  publisher={American Association for the Advancement of Science}
}

@inproceedings{Paninski2004variational,
  title={Variational Minimax Estimation of Discrete Distributions under {KL} Loss},
  author={Paninski, Liam},
  booktitle={Advances in Neural Information Processing Systems},
  pages = {1033-1040},
  year={2004}
}

@article{Rissanen1986stochastic,
  title={Stochastic complexity and modeling},
  author={Rissanen, Jorma},
  journal={The Annals of Statistics},
  pages={1080--1100},
  year={1986},
  publisher={JSTOR}
}

@article{Braess--Dette2004asymptotic,
  title={The asymptotic minimax risk for the estimation of constrained binomial and multinomial probabilities},
  author={Braess, Dietrich and Dette, Holger},
  journal={Sankhy{\=a}: The Indian Journal of Statistics},
  pages={707--732},
  year={2004},
  publisher={JSTOR}
}

@misc{Chentsov1972statisticheskie,
  title={Statisticheskie reshayushchie pravila i optimal’nye vyvody},
  author={Chentsov, NN},
  year={1972},
  publisher={Nauka, Moskva (engl. transl.: 1982, Statistical decision rules and optimal inference, American Mathematical Society, Providence)}
}

@article{Jiao--Venkat--Weissman2014MLE,
  title={Non-asymptotic theory for the plug-in rule in functional estimation},
  author={Jiao, Jiantao and Venkat, Kartik and Han, Yanjun and Weissman, Tsachy},
  journal={arXiv preprint arXiv:1406.6959},
  year = {2014}
}

@article{Remez1934determination,
  title={Sur la d{\'e}termination des polyn{\^o}mes d’approximation de degr{\'e} donn{\'e}e},
  author={Remez, E Ya},
  journal={Comm. Soc. Math. Kharkov},
  volume={10},
  pages={41--63},
  year={1934}
}

@article{Efron1982maximum,
  title={Maximum likelihood and decision theory},
  author={Efron, Bradley},
  journal={The Annals of Statistics},
  pages={340--356},
  year={1982},
  publisher={JSTOR}
}

@book{Efron--Tibshirani1994introduction,
  title={An introduction to the bootstrap},
  author={Efron, Bradley and Tibshirani, Robert J},
  volume={57},
  year={1994},
  publisher={CRC press}
}

@inproceedings{Acharya--Orlitsky--Suresh--Tyagi2014complexity,
  title={The Complexity of estimating {R}\'{e}nyi entropy},
  author={Acharya, Jayadev and Orlitsky, Alon and Suresh, Ananda Theertha and Tyagi, Himanshu},
  publisher={SODA},
  year={2015}
}

@article{Jiao--Courtade--Venkat--Weissman2014Justification,
  title={Justification of Logarithmic Loss via the Benefit of Side Information},
  author={Jiao, Jiantao and Courtade, Thomas and Venkat, Kartik and Weissman, Tsachy},
  journal={arXiv preprint arXiv:1403.4679},
  year={2014}
}


@article{Chow--Liu1968,
  title={Approximating discrete probability distributions with dependence trees},
  author={Chow, C and Liu, C},
  journal={Information Theory, IEEE Transactions on},
  volume={14},
  number={3},
  pages={462--467},
  year={1968},
  publisher={IEEE}
}

@article{Paninski--Yajima2008undersmoothed,
  title={Undersmoothed kernel entropy estimators},
  author={Paninski, Liam and Yajima, Masanao},
  journal={Information Theory, IEEE Transactions on},
  volume={54},
  number={9},
  pages={4384--4388},
  year={2008},
  publisher={IEEE}
}

@article{Hall--Morton1993estimation,
  title={On the estimation of entropy},
  author={Hall, Peter and Morton, Sally C},
  journal={Annals of the Institute of Statistical Mathematics},
  volume={45},
  number={1},
  pages={69--88},
  year={1993},
  publisher={Springer}
}

@book{Korostelev--Tsybakov1993minimax,
  title={Minimax theory of image reconstruction},
  author={Korostelev, Aleksandr Petrovich and Tsybakov, Alexandre B},
  year={1993},
  publisher={Springer}
}

@article{Ibragimov--Hasminskii1980estimate,
  title={On estimate of the density function},
  author={Ibragimov, Il'dar Abdullovich and Khas' minskii, Rafail Zalmanovich},
  journal={Zapiski Nauchnykh Seminarov POMI},
  volume={98},
  pages={61--85},
  year={1980},
  publisher={St. Petersburg Department of Steklov Institute of Mathematics, Russian Academy of Sciences}
}

@article{Hall--Marron1987estimation,
  title={Estimation of integrated squared density derivatives},
  author={Hall, Peter and Marron, James Stephen},
  journal={Statistics \& Probability Letters},
  volume={6},
  number={2},
  pages={109--115},
  year={1987},
  publisher={Elsevier}
}

@article{Efromovich--Low1996bickel,
  title={On Bickel and Ritov's conjecture about adaptive estimation of the integral of the square of density derivative},
  author={Efromovich, Sam and Low, Mark},
  journal={The Annals of Statistics},
  volume={24},
  number={2},
  pages={682--686},
  year={1996},
  publisher={Institute of Mathematical Statistics}
}

@article{Fan1991estimation,
  title={On the estimation of quadratic functionals},
  author={Fan, Jianqing},
  journal={The Annals of Statistics},
  pages={1273--1294},
  year={1991},
  publisher={JSTOR}
}

@article{Donoho--Nussbaum1990minimax,
  title={Minimax quadratic estimation of a quadratic functional},
  author={Donoho, David L and Nussbaum, Michael},
  journal={Journal of Complexity},
  volume={6},
  number={3},
  pages={290--323},
  year={1990},
  publisher={Elsevier}
}

@inproceedings{Ibragimov--Hasminskii1978nonparametric,
  title={On the nonparametric estimation of functionals},
  author={Ibragimov, IA and Khasminskii, RZ},
  booktitle={Symposium in Asymptotic Statistics},
  pages={41--52},
  year={1978}
}

@article{Levit1978asymptotically,
  title={Asymptotically efficient estimation of nonlinear functionals},
  author={Levit, Boris Ya},
  journal={Problemy Peredachi Informatsii},
  volume={14},
  number={3},
  pages={65--72},
  year={1978},
  publisher={Russian Academy of Sciences, Branch of Informatics, Computer Equipment and Automatization}
}

@article{Donoho--Liu1991geometrizing,
  title={Geometrizing rates of convergence, III},
  author={Donoho, David L and Liu, Richard C},
  journal={The Annals of Statistics},
  pages={668--701},
  year={1991},
  publisher={JSTOR}
}

@article{Ibragimov--Hasminskii1988estimation,
  title={Estimation of linear functionals in Gaussian noise},
  author={Ibragimov, IA and Khas' minskii, RZ},
  journal={Theory of Probability \& Its Applications},
  volume={32},
  number={1},
  pages={30--39},
  year={1988},
  publisher={SIAM}
}

@article{Koshevnik--Levit1977non,
  title={On a non-parametric analogue of the information matrix},
  author={Koshevnik, Yu A and Levit, B Ya},
  journal={Theory of Probability \& Its Applications},
  volume={21},
  number={4},
  pages={738--753},
  year={1977},
  publisher={SIAM}
}

@article{Levit1975efficiency,
  title={On efficiency of a class of non-parametric estimates},
  author={Levit, Boris Ya},
  journal={Teoriya Veroyatnostei i ee Primeneniya},
  volume={20},
  number={4},
  pages={738--754},
  year={1975},
  publisher={Russian Academy of Sciences, Branch of Mathematical Sciences}
}

@inproceedings{Levit1974optimality,
  title={On optimality of some statistical estimates},
  author={Levit, B Ya},
  booktitle={Proceedings of the Prague symposium on asymptotic statistics},
  volume={2},
  pages={215--238},
  year={1974}
}

@book{Gnedenko--Kolmogorov1968limit,
  title={Limit distributions for sums of independent random variables},
  author={Gnedenko, Boris Vladimirovich and Kolmogorov, Andrei Nikolaevich},
  volume={233},
  year={1968},
  publisher={Addison-Wesley Reading, Massachusetts}
}

@book{Lehmann--Casella1998theory,
  title={Theory of point estimation},
  author={Lehmann, Erich Leo and Casella, George},
  volume={31},
  year={1998},
  publisher={Springer}
}

@article{Gill--Levit1995applications,
  title={Applications of the van Trees inequality: a {B}ayesian Cram{\'e}r-Rao bound},
  author={Gill, Richard D and Levit, Boris Y},
  journal={Bernoulli},
  pages={59--79},
  year={1995},
  publisher={JSTOR}
}

@article{Gill--Levit1995applications,
  title={Applications of the van Trees inequality: a {B}ayesian Cram{\'e}r-Rao bound},
  author={Gill, Richard D and Levit, Boris Y},
  journal={Bernoulli},
  pages={59--79},
  year={1995},
  publisher={JSTOR}
}

@article{Tsybakov2013aggregation,
  title={Aggregation and high-dimensional statistics},
  author={Tsybakov, AB},
  journal={Lecture notes for the course given at the {\'E}cole d’{\'e}t{\'e} de Probabilit{\'e}s in Saint-Flour, URL http://www. crest. fr/ckfinder/userfiles/files/Pageperso/ATsybakov/Lecture\_notes\_SFlour. pdf},
  volume={16},
  pages={20},
  year={2013}
}

@inproceedings{Valiant--Valiant2011power,
  title={The power of linear estimators},
  author={Valiant, Gregory and Valiant, Paul},
  booktitle={Foundations of Computer Science (FOCS), 2011 IEEE 52nd Annual Symposium on},
  pages={403--412},
  year={2011},
  organization={IEEE}
}



@book{Mitzenmacher--Upfal2005probability,
  title={Probability and computing: Randomized algorithms and probabilistic analysis},
  author={Mitzenmacher, Michael and Upfal, Eli},
  year={2005},
  publisher={Cambridge University Press}
}

@article{Cichon--Golkbiewski--Kardas--Klonowski,
  title={On Delta-Method of Moments and Probabilistic Sums},
  author={Cicho{\'n}, Jacek and Go{\l}{\k{e}}biewski, Zbigniew and Kardas, Marcin and Klonowski, Marek},
  publisher={SIAM},
  year = {2013},
  publisher = {SODA}
}

@article{Flajolet1999singularity,
  title={Singularity analysis and asymptotics of Bernoulli sums},
  author={Flajolet, Philippe},
  journal={Theoretical Computer Science},
  volume={215},
  number={1},
  pages={371--381},
  year={1999},
  publisher={Elsevier}
}

@article{Jacquet--Szpankowski1999entropy,
  title={Entropy computations via analytic depoissonization},
  author={Jacquet, Philippe and Szpankowski, Wojciech},
  journal={Information Theory, IEEE Transactions on},
  volume={45},
  number={4},
  pages={1072--1081},
  year={1999},
  publisher={IEEE}
}

@article{Ibragimov--Nemirovskii--Khasminskii1987some,
  title={Some problems on nonparametric estimation in {G}aussian white noise},
  author={Ibragimov, IA and Nemirovskii, AS and Khas' minskii, RZ},
  journal={Theory of Probability \& Its Applications},
  volume={31},
  number={3},
  pages={391--406},
  year={1987},
  publisher={SIAM}
}



@article{Bickel--Ritov1988estimating,
  title={Estimating integrated squared density derivatives: sharp best order of convergence estimates},
  author={Bickel, Peter J and Ritov, Ya},
  journal={Sankhy{\=a}: The Indian Journal of Statistics, Series A},
  pages={381--393},
  year={1988},
  publisher={JSTOR}
}

@article{Ben--Raviv1978renyi,
  title={R\'enyi's Entropy and the Probability of Error},
  author={Ben-Bassat, Moshe and Raviv, Josef},
  journal={Information Theory, IEEE Transactions on},
  volume={24},
  number={3},
  pages={324--331},
  year={1978},
  publisher={IEEE}
}

@book{Polya2014solve,
  title={How to solve it: A new aspect of mathematical method},
  author={P\'olya, George},
  year={2014},
  publisher={Princeton university press}
}

@article{Polyanskiy--Poor--Verdu2010channel,
  title={Channel coding rate in the finite blocklength regime},
  author={Polyanskiy, Yury and Poor, H Vincent and Verd{\'u}, Sergio},
  journal={Information Theory, IEEE Transactions on},
  volume={56},
  number={5},
  pages={2307--2359},
  year={2010},
  publisher={IEEE}
}

@article{wolframalpha,
    author   = {WolframAlpha},
    title    = {Interpolating Polynomials},
    url      = {\url{http://www.wolframalpha.com/}},
    note     = {Last visited on 06/16/2014},
    publisher = {Wolfram Alpha LLC}
}


@article{mathematica,
  title={Mathematica},
  edition  = {Version 9.0},
  author={Inc. , Wolfram Research},
  year={2013}
}

@article{Javanmard--Montanari2013confidence,
  title={Confidence intervals and hypothesis testing for high-dimensional regression},
  author={Javanmard, Adel and Montanari, Andrea},
  journal={arXiv preprint arXiv:1306.3171},
  year={2013}
}

@article{Efron1979bootstrap,
  title={Bootstrap methods: another look at the {J}ackknife},
  author={Efron, Bradley},
  journal={The Annals of Statistics},
  pages={1--26},
  year={1979},
  publisher={JSTOR}
}

@article{Takaguchi--Nakamura--Sato--Yano--Masuda2011predictability,
  title={Predictability of conversation partners},
  author={Takaguchi, Taro and Nakamura, Mitsuhiro and Sato, Nobuo and Yano, Kazuo and Masuda, Naoki},
  journal={Physical Review X},
  volume={1},
  number={1},
  pages={011008},
  year={2011},
  publisher={APS}
}

@article{Song--Qu--Blumm--Barabsi2010limits,
  title={Limits of predictability in human mobility},
  author={Song, Chaoming and Qu, Zehui and Blumm, Nicholas and Barab{\'a}si, Albert-L{\'a}szl{\'o}},
  journal={Science},
  volume={327},
  number={5968},
  pages={1018--1021},
  year={2010},
  publisher={American Association for the Advancement of Science}
}

@inproceedings{Paninski2004variational,
  title={Variational Minimax Estimation of Discrete Distributions under {KL} Loss},
  author={Paninski, Liam},
  booktitle={Advances in Neural Information Processing Systems},
  pages = {1033-1040},
  year={2004}
}

@article{Rissanen1986stochastic,
  title={Stochastic complexity and modeling},
  author={Rissanen, Jorma},
  journal={The Annals of Statistics},
  pages={1080--1100},
  year={1986},
  publisher={JSTOR}
}

@article{Braess--Dette2004asymptotic,
  title={The asymptotic minimax risk for the estimation of constrained binomial and multinomial probabilities},
  author={Braess, Dietrich and Dette, Holger},
  journal={Sankhy{\=a}: The Indian Journal of Statistics},
  pages={707--732},
  year={2004},
  publisher={JSTOR}
}

@book{Chentsov1972statisticheskie,
  title={Statisticheskie reshayushchie pravila i optimal’nye vyvody},
  author={Chentsov, NN},
  year={1972},
  publisher={Nauka, Moskva ({E}ngl. transl.: 1982, Statistical decision rules and optimal inference, American Mathematical Society, Providence)}
}

@article{Jiao--Venkat--Weissman2014MLE,
  title={NON-ASYMPTOTIC THEORY FOR THE PLUG-IN RULE IN FUNCTIONAL ESTIMATION},
  author={Jiao, Jiantao and Venkat, Kartik and Weissman, Tsachy},
  journal={available on arXiv},
}

@article{Remez1934determination,
  title={Sur la d{\'e}termination des polyn{\^o}mes d’approximation de degr{\'e} donn{\'e}e},
  author={Remez, E Ya},
  journal={Comm. Soc. Math. Kharkov},
  volume={10},
  pages={41--63},
  year={1934}
}

@book{Eldar--Kutyniok2012compressed,
  title={Compressed sensing: theory and applications},
  author={Eldar, Yonina C and Kutyniok, Gitta},
  year={2012},
  publisher={Cambridge University Press}
}

@article{Weierstrassanalytische,
  title={{\"U}ber die analytische Darstellbarkeit sogenannter willk{\"u}rlicher Funktionen einer reellen Ver{\"a}nderlichen, Sitz. ber},
  author={Weierstrass, K},
  journal={Dtsch. Akad. Wiss. Berl. Kl. Math. Phys. Tech},
  pages={633--639}
}

@article{Donoho2000Curse,
  title={Aide-Memoire. High-Dimensional Data Analysis: The Curses and Blessings of Dimensionality},
  author={Donoho, David L},
  year={2000}
}

@inproceedings{Hajek1972local,
  title={Local asymptotic minimax and admissibility in estimation},
  author={H{\'a}jek, Jaroslav},
  booktitle={Proceedings of the sixth Berkeley symposium on mathematical statistics and probability},
  volume={1},
  pages={175--194},
  year={1972}
}

@article{Hajek1970characterization,
  title={A characterization of limiting distributions of regular estimates},
  author={H{\'a}jek, Jaroslav},
  journal={Zeitschrift f{\"u}r Wahrscheinlichkeitstheorie und verwandte Gebiete},
  volume={14},
  number={4},
  pages={323--330},
  year={1970},
  publisher={Springer}
}

@article{Zahl1977jackknifing,
  title={Jackknifing an index of diversity},
  author={Zahl, Samuel},
  journal={Ecology},
  volume={58},
  number={4},
  pages={907--913},
  year={1977},
  publisher={Eco Soc America}
}

@article{Grassberger1988finite,
  title={Finite sample corrections to entropy and dimension estimates},
  author={Grassberger, Peter},
  journal={Physics Letters A},
  volume={128},
  number={6},
  pages={369--373},
  year={1988},
  publisher={Elsevier}
}

@article{Franchini--Its--Korepin2008Renyi,
  title={R\'enyi entropy of the {XY} spin chain},
  author={Franchini, Fabio and Its, AR and Korepin, VE},
  journal={Journal of Physics A: Mathematical and Theoretical},
  volume={41},
  number={2},
  pages={025302},
  year={2008},
  publisher={IOP Publishing}
}

@article{Hill1973diversity,
  title={Diversity and evenness: a unifying notation and its consequences},
  author={Hill, Mark O},
  journal={Ecology},
  volume={54},
  number={2},
  pages={427--432},
  year={1973},
  publisher={Eco Soc America}
}

@inproceedings{Courtade--Verdu2014cumulant,
  title={Cumulant generating function of codeword lengths in optimal lossless compression},
  author={Courtade, Thomas A. and Verd\'u, Sergio},
  booktitle={Proc. of IEEE International Symposium on Information Theory (ISIT)},
  year={2014}
}


@inproceedings{Courtade--Verdu2014variable,
  title={Variable-length lossy compression and channel coding: non-asymptotic converses via cumulant generating functions},
  author={Courtade, Thomas A. and Verd\'u, Sergio},
  booktitle={Proc. of IEEE International
Symposium on Information Theory (ISIT) },
  year={2014}
}




@inproceedings{Valiant--Valiant2013estimating,
  title={Estimating the Unseen: improved Estimators for Entropy and other Properties},
  author={Valiant, Paul and Valiant, Gregory},
  booktitle={Advances in Neural Information Processing Systems},
  pages={2157--2165},
  year={2013}
}

@article{Pachon--Trefethen2009barycentric,
  title={Barycentric-{R}emez algorithms for best polynomial approximation in the chebfun system},
  author={Pach{\'o}n, Ricardo and Trefethen, Lloyd N},
  journal={BIT Numerical Mathematics},
  volume={49},
  number={4},
  pages={721--741},
  year={2009},
  publisher={Springer}
}

@phdthesis{Valiant2012algorithmic,
  title={Algorithmic Approaches to Statistical Questions},
  author={Valiant, Gregory John},
  year={2012},
  school={University of California}
}

@inproceedings{Kontoyiannis--Verdu2013optimal,
  title={Optimal lossless compression: Source varentropy and dispersion},
  author={Kontoyiannis, Ioannis and Verd\'u, Sergio},
  booktitle={Information Theory Proceedings (ISIT), 2013 IEEE International Symposium on},
  pages={1739--1743},
  year={2013},
  organization={IEEE}
}

@article{Csiszar1995generalized,
  title={Generalized cutoff rates and {R}\'enyi's information measures},
  author={Csisz\'ar, Imre},
  journal={Information Theory, IEEE Transactions on},
  volume={41},
  number={1},
  pages={26--34},
  year={1995},
  publisher={IEEE}
}

@manual{Trefethen--chebfunv5,
  Key          = {Chebfun},
  Organization = {The {C}hebfun {D}evelopment {T}eam},
  Title        = {{C}hebfun {V}ersion 5},
  note         = {{\tt http://www.chebfun.org/}},
  Year         = {2014},
}

@article{Victor2000asymptotic,
  title={Asymptotic bias in information estimates and the exponential (Bell) polynomials},
  author={Victor, Jonathan D},
  journal={Neural Computation},
  volume={12},
  number={12},
  pages={2797--2804},
  year={2000},
  publisher={MIT Press}
}

@article{Candes--Recht2009exact,
  title={Exact matrix completion via convex optimization},
  author={Cand{\`e}s, Emmanuel J and Recht, Benjamin},
  journal={Foundations of Computational mathematics},
  volume={9},
  number={6},
  pages={717--772},
  year={2009},
  publisher={Springer}
}

@article{Candes--Tao2006near,
  title={Near-optimal signal recovery from random projections: Universal encoding strategies?},
  author={Cand{\`e}s, Emmanuel J and Tao, Terence},
  journal={Information Theory, IEEE Transactions on},
  volume={52},
  number={12},
  pages={5406--5425},
  year={2006},
  publisher={IEEE}
}

@article{Donoho2006compressed,
  title={Compressed sensing},
  author={Donoho, David L},
  journal={Information Theory, IEEE Transactions on},
  volume={52},
  number={4},
  pages={1289--1306},
  year={2006},
  publisher={IEEE}
}

@article{Donoho--Johnstone1994minimax,
  title={Minimax Risk over $\ell_p$-balls for $\ell_q$-error},
  author={Donoho, David L and Johnstone, Jain M},
  journal={Probability Theory and Related Fields},
  volume={99},
  pages={277-303},
  year={1994},
  publisher={Springer-Verlag}
}

@article{Donoho--Johnstone1994ideal,
  title={Ideal spatial adaptation by wavelet shrinkage},
  author={Donoho, David L and Johnstone, Jain M},
  journal={Biometrika},
  volume={81},
  number={3},
  pages={425--455},
  year={1994},
  publisher={Biometrika Trust}
}

@inproceedings{James--Stein1961estimation,
  title={Estimation with quadratic loss},
  author={James, William and Stein, Charles},
  booktitle={Proceedings of the fourth Berkeley symposium on mathematical statistics and probability},
  volume={1},
  number={1961},
  pages={361--379},
  year={1961}
}

@inproceedings{Stein1956inadmissibility,
  title={Inadmissibility of the usual estimator for the mean of a multivariate normal distribution},
  author={Stein, Charles and others},
  booktitle={Proceedings of the Third Berkeley symposium on mathematical statistics and probability},
  volume={1},
  number={399},
  pages={197--206},
  year={1956}
}

@article{Lepski--Nemirovski--Spokoiny1999estimation,
  title={On estimation of the ${L}_r$ norm of a regression function},
  author={Lepski, Oleg and Nemirovski, Arkady and Spokoiny, Vladimir},
  journal={Probability theory and related fields},
  volume={113},
  number={2},
  pages={221--253},
  year={1999},
  publisher={Springer}
}

@article{Vinck--Battaglia--Balakirsky--Vinck--Pennartz2012estimation,
  title={Estimation of the entropy based on its polynomial representation},
  author={Vinck, Martin and Battaglia, Francesco P and Balakirsky, Vladimir B and Vinck, AJ Han and Pennartz, Cyriel MA},
  journal={Physical Review E},
  volume={85},
  number={5},
  pages={051139},
  year={2012},
  publisher={APS}
}

@inproceedings{Yang--Barron2013large,
  title={Large alphabet coding and prediction through poissonization and tilting},
  author={Yang, Xiao and Barron, Andrew},
  booktitle={The Sixth Workshop on Information Theoretic Methods in Science and Engineering, Tokyo},
  year={2013}
}

@article{Szpankowski--Weinberger2012minimax,
  title={Minimax pointwise redundancy for memoryless models over large alphabets},
  author={Szpankowski, Wojciech and Weinberger, Marcelo J},
  journal={Information Theory, IEEE Transactions on},
  volume={58},
  number={7},
  pages={4094--4104},
  year={2012},
  publisher={IEEE}
}

@inproceedings{Ohannessian--Tan--Dahleh2011canonical,
  title={Canonical estimation in a rare-events regime},
  author={Ohannessian, Mesrob I and Tan, Vincent YF and Dahleh, Munther A},
  booktitle={Communication, Control, and Computing (Allerton), 2011 49th Annual Allerton Conference on},
  pages={1840--1847},
  year={2011},
  organization={IEEE}
}

@article{Wagner--Viswanath--Kulkarni2011probability,
  title={Probability estimation in the rare-events regime},
  author={Wagner, Aaron B and Viswanath, Pramod and Kulkarni, Sanjeev R},
  journal={Information Theory, IEEE Transactions on},
  volume={57},
  number={6},
  pages={3207--3229},
  year={2011},
  publisher={IEEE}
}

@article{Orlitsky--Santhanam2004speaking,
  title={Speaking of infinity},
  author={Orlitsky, Alon and Santhanam, Narayana P},
  journal={Information Theory, IEEE Transactions on},
  volume={50},
  number={10},
  pages={2215--2230},
  year={2004},
  publisher={IEEE}
}

@article{Orlitsky--Santhanam--Zhang2004universal,
  title={Universal compression of memoryless sources over unknown alphabets},
  author={Orlitsky, Alon and Santhanam, Narayana P and Zhang, Junan},
  journal={Information Theory, IEEE Transactions on},
  volume={50},
  number={7},
  pages={1469--1481},
  year={2004},
  publisher={IEEE}
}

@article{Zhang2013asymptotic,
  title={Asymptotic normality of an entropy estimator with exponentially decaying bias},
  author={Zhang, Zhiyi},
  journal={Information Theory, IEEE Transactions on},
  volume={59},
  number={1},
  pages={504--508},
  year={2013},
  publisher={IEEE}
}

@article{Zhang2012entropy,
  title={Entropy estimation in {T}uring's perspective},
  author={Zhang, Zhiyi},
  journal={Neural computation},
  volume={24},
  number={5},
  pages={1368--1389},
  year={2012},
  publisher={MIT Press}
}

@article{Wolpert--Wolf1995,
  title={Estimating functions of probability distributions from a finite set of samples},
  author={Wolpert, David H and Wolf, David R},
  journal={Physical Review E},
  volume={52},
  number={6},
  pages={6841},
  year={1995},
  publisher={APS}
}

@article{Daub--Steuer--Selbig--Kloska2004,
  title={Estimating mutual information using {B}-spline functions--an improved similarity measure for analysing gene expression data},
  author={Daub, Carsten O and Steuer, Ralf and Selbig, Joachim and Kloska, Sebastian},
  journal={BMC bioinformatics},
  volume={5},
  number={1},
  pages={118},
  year={2004},
  publisher={BioMed Central Ltd}
}

@article{Chao--Shen2003nonparametric,
  title={Nonparametric estimation of {S}hannon's index of diversity when there are unseen species in sample},
  author={Chao, Anne and Shen, Tsung-Jen},
  journal={Environmental and ecological statistics},
  volume={10},
  number={4},
  pages={429--443},
  year={2003},
  publisher={Springer}
}

@article{Vu--Yu--Kass2007coverage,
  title={Coverage-adjusted entropy estimation},
  author={Vu, Vincent Q and Yu, Bin and Kass, Robert E},
  journal={Statistics in medicine},
  volume={26},
  number={21},
  pages={4039--4060},
  year={2007},
  publisher={Wiley Online Library}
}

@article{Antos--Kontoyiannis2001convergence,
  title={Convergence properties of functional estimates for discrete distributions},
  author={Antos, Andr{\'a}s and Kontoyiannis, Ioannis},
  journal={Random Structures \& Algorithms},
  volume={19},
  number={3-4},
  pages={163--193},
  year={2001},
  publisher={Wiley Online Library}
}

@article{Wyner--Foster2003lower,
  title={On the lower limits of entropy estimation},
  author={Wyner, Abraham J and Foster, Dean},
  journal={IEEE Transactions on Information Theory, submitted for publication},
  year={2003}
}

@article{Kontoyiannis--Algoet--Suhov--Wyner1998nonparametric,
  title={Nonparametric entropy estimation for stationary processes and random fields, with applications to {E}nglish text},
  author={Kontoyiannis, Ioannis and Algoet, Paul H and Suhov, Yu M and Wyner, AJ},
  journal={Information Theory, IEEE Transactions on},
  volume={44},
  number={3},
  pages={1319--1327},
  year={1998},
  publisher={IEEE}
}

@article{Ziv--Lempel1978compression,
  title={Compression of individual sequences via variable-rate coding},
  author={Ziv, Jacob and Lempel, Abraham},
  journal={Information Theory, IEEE Transactions on},
  volume={24},
  number={5},
  pages={530--536},
  year={1978},
  publisher={IEEE}
}

@article{Ziv--Lempel1977universal,
  title={A universal algorithm for sequential data compression},
  author={Ziv, Jacob and Lempel, Abraham},
  journal={Information Theory, IEEE Transactions on},
  volume={23},
  number={3},
  pages={337--343},
  year={1977}
}

@article{Cover--King1978convergent,
  title={A convergent gambling estimate of the entropy of {E}nglish},
  author={Cover, Thomas M and King, R},
  journal={Information Theory, IEEE Transactions on},
  volume={24},
  number={4},
  pages={413--421},
  year={1978},
  publisher={IEEE}
}

@article{Newman--Gerstman1952,
  title={A new method for analyzing printed {E}nglish},
  author={Newman, Edwin B and Gerstman, Louis J},
  journal={Journal of experimental psychology},
  volume={44},
  number={2},
  pages={114},
  year={1952},
  publisher={American Psychological Association}
}

@inproceedings{Renyi1961measures,
  title={On measures of entropy and information},
  author={R\'enyi, Alfr\'ed},
  booktitle={Fourth Berkeley Symposium on Mathematical Statistics and Probability},
  pages={547--561},
  year={1961}
}

@article{Shannon1951prediction,
  title={Prediction and entropy of printed {E}nglish},
  author={Shannon, Claude E},
  journal={Bell system technical journal},
  volume={30},
  number={1},
  pages={50--64},
  year={1951},
  publisher={Wiley Online Library}
}

@book{Lindvall2002lectures,
  title={Lectures on the coupling method},
  author={Lindvall, Torgny},
  year={2002},
  publisher={Courier Dover Publications}
}

@article{Withers1987,
  title={Bias reduction by {T}aylor series},
  author={Withers, Christopher Stroude},
  journal={Communications in Statistics-Theory and Methods},
  volume={16},
  number={8},
  pages={2369--2383},
  year={1987},
  publisher={Taylor \& Francis}
}

@incollection{Peccati--Taqqu2011some,
  title={Some facts about {C}harlier polynomials},
  author={Peccati, Giovanni and Taqqu, Murad S},
  booktitle={Wiener Chaos: Moments, Cumulants and Diagrams},
  pages={171--175},
  year={2011},
  publisher={Springer}
}

@article{Lorentz1984distribution,
  title={Distribution of alternation points in uniform polynomial approximation},
  author={Lorentz, GG},
  journal={Proceedings of the American Mathematical Society},
  volume={92},
  number={3},
  pages={401--403},
  year={1984}
}

@article{Kadec1963distribution,
  title={On the distribution of points of maximum deviation in the approximation of continuous functions by polynomials},
  author={Kadec, MI},
  journal={Amer. Math. Soc. Transl},
  volume={26},
  pages={231--234},
  year={1963}
}

@article{Rennie1969stirling,
  title={On {S}tirling numbers of the second kind},
  author={Rennie, BC and Dobson, AJ},
  journal={Journal of Combinatorial Theory},
  volume={7},
  number={2},
  pages={116--121},
  year={1969},
  publisher={Elsevier}
}

@article{Riordan1937moment,
  title={Moment recurrence relations for binomial, {P}oisson and hypergeometric frequency distributions},
  author={Riordan, John},
  journal={The Annals of Mathematical Statistics},
  volume={8},
  number={2},
  pages={103--111},
  year={1937},
  publisher={Institute of Mathematical Statistics}
}

@article{Paltanea2008some,
  title={On some constants in approximation by {B}ernstein operators},
  author={Paltanea, Radu},
  journal = {General Mathematics},
  year = {2008},
  volume = {16},
  number = {4},
  pages = {137–148}
}


@article{Bernstein1958collected,
  title={Collected works: Vol 1. Constructive theory of functions (1905-1930), {E}nglish translation},
  author={Bernstein, SN},
  journal={Atomic Energy Commission, Springfield, Va},
  year={1958}
}

@book{Korneichuk1991,
  title={Exact constants in approximation theory},
  author={Korneichuk, Nicolai},
  volume={38},
  year={1991},
  publisher={Cambridge University Press}
}

@article{Ibragimov1946,
  title={Sur la valeur asymptotique de la meilleure approximation d'une fonction ayant un point singulier réel},
  author={Ibragimov, I. I.},
  journal={Izvestiya Rossiiskoi Akademii Nauk. Seriya Matematicheskaya},
  volume={10},
  number={5},
  pages={429--460},
  year={1946},
  publisher={Russian Academy of Sciences, Branch of Mathematical Sciences}
}

@article{Bernstein1938,
  title={The best approximation $|x|^p$ using polynomials of very high degree },
  author={Bernstein, S.},
  journal={Bulletin of the Russian Academy of Sciences (Russian)},
  volume={2},
  number={2},
  pages={169--190},
  year={1938},
  publisher={Russian Academy of Sciences, Branch of Mathematical Sciences}
}

@book{Bernstein1937,
  title={Extreme properties of polynomials and best approximation of continuous functions of one real variable (Russian)},
  author={Bernstein, S.},
  year={1937},
}

@article{Varga--Carpenter1985bernstein,
  title={On the {B}ernstein conjecture in approximation theory},
  author={Varga, Richard S and Carpenter, Amos J},
  journal={Constructive Approximation},
  volume={1},
  number={1},
  pages={333--348},
  year={1985},
  publisher={Springer}
}

@article{Totik1994approximation,
  title={Approximation by {B}ernstein polynomials},
  author={Totik, Vilmos},
  journal={American Journal of Mathematics},
  pages={995--1018},
  year={1994},
  publisher={JSTOR}
}

@incollection{Lorentz1964inequalities,
  title={Inequalities and the saturation classes of {B}ernstein polynomials},
  author={Lorentz, GG},
  booktitle={On Approximation Theory/{\"U}ber Approximationstheorie},
  pages={200--207},
  year={1964},
  publisher={Springer}
}

@article{Berens--Lorentz1972inverse,
  title={Inverse theorems for {B}ernstein polynomials},
  author={Berens, Hubert and Lorentz, George G},
  journal={Indiana University Mathematics Journal},
  volume={21},
  number={8},
  pages={693},
  year={1972},
  publisher={INDIANA UNIV MATH JOURNAL SWAIN HALL EAST 222, BLOOMINGTON, IN 47405}
}

@article{Carlton1969bias,
  title={On the bias of information estimates.},
  author={Carlton, AG},
  journal={Psychological Bulletin},
  volume={71},
  number={2},
  pages={108},
  year={1969},
  publisher={American Psychological Association}
}

@article{Nemenman--Shafee--Bialek2002entropy,
  title={Entropy and inference, revisited},
  author={Nemenman, Ilya and Shafee, Fariel and Bialek, William},
  journal={Advances in neural information processing systems},
  volume={1},
  pages={471--478},
  year={2002},
  publisher={MIT; 1998}
}
@article{Hausser--Strimmer2009entropy,
  title={Entropy inference and the {J}ames-{S}tein estimator, with application to nonlinear gene association networks},
  author={Hausser, Jean and Strimmer, Korbinian},
  journal={The Journal of Machine Learning Research},
  volume={10},
  pages={1469--1484},
  year={2009},
  publisher={JMLR. org}
}

@book{Paltanea2004,
  title={Approximation theory using positive linear operators},
  author={Paltanea, Radu},
  year={2004},
  publisher={Springer}
}

@book{LeCam1986asymptotic,
  title={Asymptotic methods in statistical decision theory},
  author={Le Cam, Lucien},
  publisher={Springer},
  year={1986}
}
@article{Miller1955,
  title={Note on the bias of information estimates},
  author={Miller, George A},
  journal={Information {T}heory in {P}sychology: {P}roblems and {M}ethods},
  volume={2},
  pages={95--100},
  year={1955},
  publisher={Free Press: Glencoe, Illinois}
}

@book{Devore--Lorentz1993,
  title={Constructive approximation},
  author={DeVore, Ronald A and Lorentz, George G},
  volume={303},
  year={1993},
  publisher={Springer}
}

@article{Lecam1974information,
  title={On the information contained in additional observations},
  author={Le Cam, Lucien},
  journal={The Annals of Statistics},
  pages={630--649},
  year={1974},
  publisher={JSTOR}
}

@article{Low--Zhou2007complement,
  title={A complement to Le Cam’s theorem},
  author={Low, Mark G and Zhou, Harrison H},
  journal={The Annals of Statistics},
  volume={35},
  number={3},
  pages={1146--1165},
  year={2007},
  publisher={Institute of Mathematical Statistics}
}

@article{Cai--Low2011,
  title={Testing composite hypotheses, {H}ermite polynomials and optimal estimation of a nonsmooth functional},
  author={Cai, T Tony and Low, Mark G},
  journal={The Annals of Statistics},
  volume={39},
  number={2},
  pages={1012--1041},
  year={2011},
  publisher={Institute of Mathematical Statistics}
}

@article{Qazi--Rahman2007,
  title={Some coefficient estimates for polynomials on the unit interval},
  author={Qazi, MA and Rahman, QI},
  journal={Serdica Math. J},
  volume={33},
  pages={449--474},
  year={2007}
}

@article{Birge--Massart1995,
  title={Estimation of integral functionals of a density},
  author={Birge, Lucien and Massart, Pascal},
  journal={The Annals of Statistics},
  pages={11--29},
  year={1995},
  publisher={JSTOR}
}

@article{Ditzian1994,
  title={Direct estimate for {B}ernstein polynomials},
  author={Ditzian, Z},
  journal={Journal of Approximation Theory},
  volume={79},
  number={1},
  pages={165--166},
  year={1994},
  publisher={Academic Press, Inc.}
}

@book{Ditzian--Totik1987,
  title={Moduli of smoothness},
  author={Ditzian, Zeev and Totik, Vilmos},
  year={1987},
  publisher={Springer}
}

@article{Ditzian2007,
  title={Polynomial Approximation and $\omega^r_\varphi(f,t)$ Twenty Years Later},
  author={Ditzian, Z},
  journal={Surveys in Approximation Theory},
  volume={3},
  pages={106--151},
  year={2007}
}

@article{Braess--Sauer2004,
  title={Bernstein polynomials and learning theory},
  author={Braess, Dietrich and Sauer, Thomas},
  journal={Journal of Approximation Theory},
  volume={128},
  number={2},
  pages={187--206},
  year={2004},
  publisher={Elsevier}
}

@book{Boucheron--Lugosi--Massart2013,
  title={Concentration inequalities: A nonasymptotic theory of independence},
  author={Boucheron, St{\'e}phane and Lugosi, G{\'a}bor and Massart, Pascal},
  year={2013},
  publisher={Oxford University Press}
}

@techreport{Harris1975,
  title={The statistical estimation of entropy in the non-parametric case},
  author={Harris, Bernard},
  year={1975},
  institution={DTIC Document}
}

@article{Paninski2003,
  title={Estimation of entropy and mutual information},
  author={Paninski, Liam},
  journal={Neural Computation},
  volume={15},
  number={6},
  pages={1191--1253},
  year={2003},
  publisher={MIT Press}
}

@article{Paninski2004,
  title={Estimating entropy on $m$ bins given fewer than $m$ samples},
  author={Paninski, Liam},
  journal={Information Theory, IEEE Transactions on},
  volume={50},
  number={9},
  pages={2200--2203},
  year={2004},
  publisher={IEEE}
}

@inproceedings{Valiant--Valiant2011,
  title={Estimating the unseen: an $n/\log n$-sample estimator for entropy and support size, shown optimal via new {CLT}s},
  author={Valiant, Gregory and Valiant, Paul},
  booktitle={Proceedings of the 43rd annual ACM symposium on Theory of computing},
  pages={685--694},
  year={2011},
  organization={ACM}
}

@book{Vandervaart2000,
  title={Asymptotic statistics},
  author={Van der Vaart, Aad W},
  volume={3},
  year={2000},
  publisher={Cambridge university press}
}

@book{Ibragimov--Hasminskii1981,
  title={Statistical estimation: asymptotic theory},
  author={Ibragimov, Ilʹdar Abdulovich and Has' minskii, Rafail Z},
  volume={2},
  year={1981},
  publisher={Springer-Verlag New York}
}

@article{Barnett--Barrett--Seth2009,
  title={Granger causality and transfer entropy are equivalent for Gaussian variables},
  author={Barnett, Lionel and Barrett, Adam B and Seth, Anil K},
  journal={Physical review letters},
  volume={103},
  number={23},
  pages={238701},
  year={2009},
  publisher={APS}
}

@article{Schreiber2000,
  title={Measuring information transfer},
  author={Schreiber, Thomas},
  journal={Physical review letters},
  volume={85},
  number={2},
  pages={461},
  year={2000},
  publisher={APS}
}

@article{Gourieroux--Monfort--Renault1987,
  title={Kullback causality measures},
  author={Gourieroux, Christian and Monfort, Alain and Renault, Eric},
  journal={Annales d'Economie et de Statistique},
  pages={369--410},
  year={1987},
  publisher={JSTOR}
}

@article{Geweke1984,
  title={Measures of conditional linear dependence and feedback between time series},
  author={Geweke, John F},
  journal={Journal of the American Statistical Association},
  volume={79},
  number={388},
  pages={907--915},
  year={1984},
  publisher={Taylor \& Francis}
}

@article{Geweke1982,
  title={Measurement of linear dependence and feedback between multiple time series},
  author={Geweke, John},
  journal={Journal of the American Statistical Association},
  volume={77},
  number={378},
  pages={304--313},
  year={1982},
  publisher={Taylor \& Francis}
}

@article{Granger1980,
  title={Testing for causality: a personal viewpoint},
  author={Granger, Clive WJ},
  journal={Journal of Economic Dynamics and control},
  volume={2},
  pages={329--352},
  year={1980},
  publisher={Elsevier}
}

@article{Granger1969,
  title={Investigating causal relations by econometric models and cross-spectral methods},
  author={Granger, Clive WJ},
  journal={Econometrica: Journal of the Econometric Society},
  pages={424--438},
  year={1969},
  publisher={JSTOR}
}

@article{Dawid2007,
  title={The geometry of proper scoring rules},
  author={Dawid, A Philip},
  journal={Annals of the Institute of Statistical Mathematics},
  volume={59},
  number={1},
  pages={77--93},
  year={2007},
  publisher={Springer}
}

@article{Feder--Merhav1996,
  title={Hierarchical universal coding},
  author={Feder, Meir and Merhav, Neri},
  journal={Information Theory, IEEE Transactions on},
  volume={42},
  number={5},
  pages={1354--1364},
  year={1996},
  publisher={IEEE}
}

@article{Merhav--Feder1995,
  title={A strong version of the redundancy-capacity theorem of universal coding},
  author={Merhav, Neri and Feder, Meir},
  journal={Information Theory, IEEE Transactions on},
  volume={41},
  number={3},
  pages={714--722},
  year={1995},
  publisher={IEEE}
}

@article{Grunwald--Dawid2004,
  title={Game theory, maximum entropy, minimum discrepancy and robust {B}ayesian decision theory},
  author={Gr{\"u}nwald, Peter D and Dawid, A Philip},
  journal={the Annals of Statistics},
  volume={32},
  number={4},
  pages={1367--1433},
  year={2004},
  publisher={Institute of Mathematical Statistics}
}



@article{Jiao--Courtade--No--Venkat--Weissman2014,
  title={Information Measures: the Curious Case of the Binary Alphabet},
  author={Jiao, Jiantao and Courtade, Thomas and No, Albert and Venkat, Kartik and Weissman, Tsachy},
  journal={to appear in IEEE Transactions on Information Theory}
}

@article{Gneiting--Raftery2007,
  title={Strictly proper scoring rules, prediction, and estimation},
  author={Gneiting, Tilmann and Raftery, Adrian E},
  journal={Journal of the American Statistical Association},
  volume={102},
  number={477},
  pages={359--378},
  year={2007},
  publisher={Taylor \& Francis}
}

@article{Aczel--Forte--Ng1974,
  title={Why the Shannon and Hartley entropies are'natural'},
  author={Acz{\'e}l, J{\'a}nos and Forte, B and Ng, CT},
  journal={Advances in Applied Probability},
  pages={131--146},
  year={1974},
  publisher={JSTOR}
}

@techreport{Dawid1998,
  title={Coherent measures of discrepancy, uncertainty and dependence, with applications to {B}ayesian predictive experimental design},
  author={Dawid, A Philip},
  year={1998},
  institution={Technical Report 139, Department of Statistical Science, University College London. http://www. ucl. ac. uk/Stats/research/abs94. html}
}

@article{Courtade--Weissman2014,
  title={Multiterminal Source Coding Under Logarithmic Loss},
  author={Courtade, Thomas and Weissman, Tsachy},
  journal={Information Theory, IEEE Transactions on},
  volume={60},
  number={1},
  pages={740--761},
  year={2014},
  publisher={IEEE}
}

@book{Cesa--Lugosi2006,
  title={Prediction, learning, and games},
  author={Cesa-Bianchi, Nicolo and Lugosi, Gabor},
  year={2006},
  publisher={Cambridge University Press}
}

@article{Good1952,
  title={Rational decisions},
  author={Good, Irving John},
  journal={Journal of the Royal Statistical Society. Series B (Methodological)},
  pages={107--114},
  year={1952},
  publisher={JSTOR}
}

@article{Ali--Silvey1966,
  title={A general class of coefficients of divergence of one distribution from another},
  author={Ali, SM and Silvey, Samuel D},
  journal={Journal of the Royal Statistical Society. Series B (Methodological)},
  pages={131--142},
  year={1966},
  publisher={JSTOR}
}

@article{Csisz1967,
  title={Information-type measures of difference of probability distributions and indirect observations},
  author={Csisz{\'a}r, I and others},
  journal={Studia Sci. Math. Hungar.},
  volume={2},
  pages={299--318},
  year={1967}
}

@article{Basseville2010,
  title={Divergence measures for statistical data processing},
  author={Basseville, Mich{\`e}le},
  year={2010}
}

@article{Kullback--Leibler1951,
  title={On information and sufficiency},
  author={Kullback, Solomon and Leibler, Richard A},
  journal={The Annals of Mathematical Statistics},
  volume={22},
  number={1},
  pages={79--86},
  year={1951},
  publisher={JSTOR}
}

@article{Kannappan1998,
  title={Kullback--Leibler type distance measures},
  author={Kannappan, Pl.},
  journal={Encycl. Math., Suppl.},
  volume={1},
  pages={338-339},
  year={1998},
}


@article{Fischer1972,
  title={On the Inequality $\sum p_i f(p_i) \geq \sum p_i f(q_i)$},
  author={Fischer, P.},
  journal={Metrika},
  volume={18},
  pages={199-208},
  year={1972},
}

@article{Shannon1948,
  title={A mathematical theory of communication},
  author={Shannon, Claude Elwood},
  journal={The Bell System Technical Journal},
  volume={27},
  pages={379--423, 623--656},
  year={1948},
}

@article{Csiszar--Talata2006,
  title={Context tree estimation for not necessarily finite memory processes, via BIC and MDL},
  author={Csisz{\'a}r, Imre and Talata, Zsolt},
  journal={Information Theory, IEEE Transactions on},
  volume={52},
  number={3},
  pages={1007--1016},
  year={2006},
  publisher={IEEE}
}

@article{Gao--Kontoyiannis--Bienenstock2008,
  title={Estimating the entropy of binary time series: methodology, some theory and a simulation study},
  author={Gao, Yun and Kontoyiannis, Ioannis and Bienenstock, Elie},
  journal={Entropy},
  volume={10},
  number={2},
  pages={71--99},
  year={2008},
  publisher={Molecular Diversity Preservation International}
}

@article{Antos--Kontoyiannis2001,
  title={Convergence properties of functional estimates for discrete distributions},
  author={Antos, Andr{\'a}s and Kontoyiannis, Ioannis},
  journal={Random Structures \& Algorithms},
  volume={19},
  number={3-4},
  pages={163--193},
  year={2001},
  publisher={Wiley Online Library}
}

@book{Bosq2008,
  title={Inference and prediction in large dimensions},
  author={Bosq, Denis and Blanke, Delphine},
  volume={754},
  year={2008},
  publisher={Wiley. com}
}

@misc{Bosq1998,
  title={Nonparametric Statistics for Stochastic Processes: Estimation and Prediction, volume 110 of Lecture Notes in Statistics},
  author={Bosq, Denis},
  year={1998},
  publisher={Springer-Verlag, Berlin,}
}

@article{Barron--Cover1991,
  title={Minimum complexity density estimation},
  author={Barron, Andrew R and Cover, Thomas M},
  journal={Information Theory, IEEE Transactions on},
  volume={37},
  number={4},
  pages={1034--1054},
  year={1991},
  publisher={IEEE}
}

@article{Barron--Gyorfi--Meulen1992,
  title={Distribution estimation consistent in total variation and in two types of information divergence},
  author={Barron, Andrew R and Gyorfi, Lhszl and van der Meulen, Edward C},
  journal={Information Theory, IEEE Transactions on},
  volume={38},
  number={5},
  pages={1437--1454},
  year={1992},
  publisher={IEEE}
}

@article{Burnashev--Amari2002,
  title={On density estimation under relative entropy loss criterion},
  author={Burnashev, Marat Valievich and Amari, Shun-ichi},
  journal={Problems of Information Transmission},
  volume={38},
  number={4},
  pages={323--346},
  year={2002},
  publisher={Springer}
}

@article{Wang--Kulkarni--Verdu2009now,
  title={Universal estimation of information measures for analog sources},
  author={Wang, Qing and Kulkarni, Sanjeev R and Verd{\'u}, Sergio},
  journal={Foundations and Trends in Communications and Information Theory},
  volume={5},
  number={3},
  pages={265--353},
  year={2009},
  publisher={Now Publishers Inc.}
}

@article{Hero2002--Ma--Michel--Gorman2002,
  title={Applications of entropic spanning graphs},
  author={Hero III, Alfred O and Ma, Bing and Michel, Olivier JJ and Gorman, John},
  journal={Signal Processing Magazine, IEEE},
  volume={19},
  number={5},
  pages={85--95},
  year={2002},
  publisher={IEEE}
}

@article{Nguyen--Wainwright--Jordan2010,
  title={Estimating divergence functionals and the likelihood ratio by convex risk minimization},
  author={Nguyen, XuanLong and Wainwright, Martin J and Jordan, Michael I},
  journal={Information Theory, IEEE Transactions on},
  volume={56},
  number={11},
  pages={5847--5861},
  year={2010},
  publisher={IEEE}
}

@article{Beirlant--Dudewicz--Gyorfi--Meulen1997,
  title={Nonparametric entropy estimation: An overview},
  author={Beirlant, Jan and Dudewicz, Edward J and Gy{\"o}rfi, L{\'a}szl{\'o} and Van der Meulen, Edward C},
  journal={International Journal of Mathematical and Statistical Sciences},
  volume={6},
  pages={17--40},
  year={1997},
  publisher={THESAURUS PUBLISHING}
}

@ARTICLE{Jiao--Permuter--Zhao--Kim--Weissman2013, 
author={Jiantao Jiao and Permuter, H.H. and Lei Zhao and Young-Han Kim and Weissman, T.}, 
journal={Information Theory, IEEE Transactions on}, 
title={Universal Estimation of Directed Information}, 
year={2013}, 
volume={59}, 
number={10}, 
pages={6220-6242}, 
doi={10.1109/TIT.2013.2267934}, 
ISSN={0018-9448},}

@article{Wang--Kulkarni--Verdu2009,
  title={Divergence estimation for multidimensional densities via $k$-nearest-neighbor distances.},
  author={Wang, Qing and Kulkarni, Sanjeev R and Verd{\'u}, Sergio},
  journal={Information Theory, IEEE Transactions on},
  volume={55},
  number={5},
  pages={2392--2405},
  year={2009}
}

@inproceedings{Hero--Michel1999,
  title={Estimation of R{\'e}nyi information divergence via pruned minimal spanning trees},
  author={Hero, Alfred and Michel, Olivier JJ},
  booktitle={Higher-Order Statistics, 1999. Proceedings of the IEEE Signal Processing Workshop on},
  pages={264--268},
  year={1999},
  organization={IEEE}
}

@article{Paninski2003,
  title={Estimation of entropy and mutual information},
  author={Paninski, Liam},
  journal={Neural Computation},
  volume={15},
  number={6},
  pages={1191--1253},
  year={2003},
  publisher={MIT Press}
}

@article{Kraskov2004,
  title={Estimating mutual information},
  author={Kraskov, Alexander and St{\"o}gbauer, Harald and Grassberger, Peter},
  journal={Physical Review E},
  volume={69},
  number={6},
  pages={066138},
  year={2004},
  publisher={APS}
}

@article{Chamberlain1982,
  title={The general equivalence of Granger and Sims causality},
  author={Chamberlain, Gary},
  journal={Econometrica: Journal of the Econometric Society},
  pages={569--581},
  year={1982},
  publisher={JSTOR}
}

@book{Lehmann--Romano2005,
  title={Testing statistical hypotheses},
  author={Lehmann, E. L. and Romano, Joseph P },
  year={2005},
  publisher={Springer}
}

@article{Sims1972,
  title={Money, income, and causality},
  author={Sims, Christopher A},
  journal={The American Economic Review},
  volume={62},
  number={4},
  pages={540--552},
  year={1972},
  publisher={JSTOR}
}

@article{Granger1969,
  title={Investigating causal relations by econometric models and cross-spectral methods},
  author={Granger, Clive WJ},
  journal={Econometrica: Journal of the Econometric Society},
  pages={424--438},
  year={1969},
  publisher={JSTOR}
}

@article{Hosoya1977,
  title={On the Granger condition for non-causality},
  author={Hosoya, Yuzo},
  journal={Econometrica},
  volume={45},
  number={7},
  pages={1735--36},
  year={1977},
  publisher={Econometric Society}
}

@article{Granger1988,
  title={Some recent development in a concept of causality},
  author={Granger, Clive WJ},
  journal={Journal of econometrics},
  volume={39},
  number={1},
  pages={199--211},
  year={1988},
  publisher={Elsevier}
}

@article{Granger1980,
  title={Testing for causality: a personal viewpoint},
  author={Granger, Clive WJ},
  journal={Journal of Economic Dynamics and control},
  volume={2},
  pages={329--352},
  year={1980},
  publisher={Elsevier}
}

@article{Mokkadem--Pelletier--Thiam2008,
  title={Large and moderate deviations principles for kernel estimators of the multivariate regression},
  author={Mokkadem, Abdelkader and Pelletier, Mariane and Thiam, Baba},
  journal={Mathematical Methods of Statistics},
  volume={17},
  number={2},
  pages={146--172},
  year={2008},
  publisher={Springer}
}

@article{Louani1998,
  title={Large deviations limit theorems for the kernel density estimator},
  author={Louani, Djamal},
  journal={Scandinavian Journal of Statistics},
  volume={25},
  number={1},
  pages={243--253},
  year={1998},
  publisher={Wiley Online Library}
}

@article{Arcones2006,
  title={Large deviations for M-estimators},
  author={Arcones, Miguel A},
  journal={Annals of the Institute of Statistical Mathematics},
  volume={58},
  number={1},
  pages={21--52},
  year={2006},
  publisher={Springer}
}

@article{Kester--Kallenberg1986,
  title={Large deviations of estimators},
  author={Kester, Arnoldus Dominicus Maria and Kallenberg, Willibrordes Cornelis Maria},
  journal={The Annals of Statistics},
  pages={648--664},
  year={1986},
  publisher={JSTOR}
}

@article{Fu1982,
  title={Large sample point estimation: A large deviation theory approach},
  author={Fu, James C},
  journal={The Annals of Statistics},
  pages={762--771},
  year={1982},
  publisher={JSTOR}
}

@book{Lehmann--Casella1998,
  title={Theory of point estimation},
  author={Lehmann, Erich Leo and Casella, George},
  volume={31},
  year={1998},
  publisher={Springer}
}

@article{Aczel--Ng1983,
  title={Determination of all semisymmetric recursive information measures of multiplicative type on n positive discrete probability distributions},
  author={Acz{\'e}l, J and Ng, CT},
  journal={Linear algebra and its applications},
  volume={52},
  pages={1--30},
  year={1983},
  publisher={Elsevier}
}

@article{Maksa1982,
  title={Solution on the open triangle of the generalized fundamental equation of information with four unknown functions},
  author={Maksa, Gy},
  journal={Utilitas Math},
  volume={21},
  pages={267--282},
  year={1982}
}

@article{Kannappan--Ng1973,
  title={Measurable solutions of functional equations related to information theory},
  author={Kannappan, Pl and Ng, CT},
  journal={Proceedings of the American Mathematical Society},
  pages={303--310},
  year={1973},
  publisher={JSTOR}
}

@article{Gale--Klee--Rockafellar1968,
  title={Convex functions on convex polytopes},
  author={Gale, David and Klee, Victor and Rockafellar, RT},
  journal={Proceedings of the American Mathematical Society},
  volume={19},
  number={4},
  pages={867--873},
  year={1968}
}

@article{Owen1990,
  title={Empirical likelihood ratio confidence regions},
  author={Owen, Art},
  journal={The Annals of Statistics},
  volume={18},
  number={1},
  pages={90--120},
  year={1990},
  publisher={Institute of Mathematical Statistics}
}

@book{Wolkowics--Romesh--Vandenrberghe2000,
  title={Handbook of semidefinite programming: theory, algorithms, and applications},
  author={Wolkowics, Henry and Romesh, Saigal and Vandenrberghe, Lieven},
  volume={27},
  year={2000},
  publisher={Springer}
}

@article{Banerjee--Guo--Wang2005,
  title={On the optimality of conditional expectation as a Bregman predictor},
  author={Banerjee, Arindam and Guo, Xin and Wang, Hui},
  journal={Information Theory, IEEE Transactions on},
  volume={51},
  number={7},
  pages={2664--2669},
  year={2005},
  publisher={IEEE}
}

@article{Aczel--Darczy1975,
  title={On measures of information and their characterizations},
  author={Acz{\'e}l, J{\'a}nos and Dar{\'o}czy, Zolt{\'a}n},
  journal={New York},
  year={1975}
}

@article{Csiszar2008,
  title={Axiomatic characterizations of information measures},
  author={Csisz{\'a}r, Imre},
  journal={Entropy},
  volume={10},
  number={3},
  pages={261--273},
  year={2008},
  publisher={Molecular Diversity Preservation International}
}

@article{Qiao--Minematsu2010,
  title={A study on invariance of f-divergence and its application to speech recognition},
  author={Qiao, Yu and Minematsu, Nobuaki},
  journal={IEEE Transactions on Signal Processing},
  volume={58},
  number={7},
  pages={3884--3890},
  year={2010},
  publisher={Institute of Electrical and Electronics Engineers, Inc., 345 E. 47 th St. NY NY 10017-2394 United States of America}
}

@article{Csiszar1991,
  title={Why least squares and maximum entropy? An axiomatic approach to inference for linear inverse problems},
  author={Csisz\'ar, Imre},
  journal={The annals of statistics},
  pages={2032--2066},
  year={1991},
  publisher={JSTOR}
}

@article{Pardo--Vajda1997,
  title={About distances of discrete distributions satisfying the data processing theorem of information theory},
  author={Pardo, MC and Vajda, Igor},
  journal={Information Theory, IEEE Transactions on},
  volume={43},
  number={4},
  pages={1288--1293},
  year={1997},
  publisher={IEEE}
}

@article{Amari2009,
  title={$\alpha$-divergence is unique, belonging to both f-divergence and Bregman divergence classes},
  author={Amari, Shun-Ichi},
  journal={Information Theory, IEEE Transactions on},
  volume={55},
  number={11},
  pages={4925--4931},
  year={2009},
  publisher={IEEE Press}
}

@book{Amari--Nagaoka2000,
  title={Methods of information geometry},
  author={Amari, Shunʾichi and Nagaoka, Hiroshi},
  volume={191},
  year={2000},
  publisher={AMS Bookstore}
}

@article{Hajek--Wong1980,
  title={Representation and transformation of two-parameter martingales under a change of measure},
  author={Hajek, Bruce and Wong, Eugene},
  journal={Probability Theory and Related Fields},
  volume={54},
  number={3},
  pages={313--330},
  year={1980},
  publisher={Springer}
}

@article{Kabanov--Liptser--Shiryaev1978-1,
  title={Absolute continuity and singularity of locally absolutely continuous probability distributions. I},
  author={Kabanov, Yurii Mikhailovich and Liptser, Robert Shevilevich and Shiryaev, Albert Nikolaevich},
  journal={Matematicheskii Sbornik},
  volume={149},
  number={3},
  pages={364--415},
  year={1978},
  publisher={Russian Academy of Sciences, Branch of Mathematical Sciences}
}

@article{Banerjee--Guo--Wang2005,
  title={On the optimality of conditional expectation as a Bregman predictor},
  author={Banerjee, Arindam and Guo, Xin and Wang, Hui},
  journal={Information Theory, IEEE Transactions on},
  volume={51},
  number={7},
  pages={2664--2669},
  year={2005},
  publisher={IEEE}
}


@article{Kabanov--Liptser--Shiryaev1978-2,
  title={Absolute continuity and singularity of locally absolutely continuous probability distributions. II},
  author={Kabanov, Yurii Mikhailovich and Liptser, Robert Shevilevich and Shiryaev, Albert Nikolaevich},
  journal={Matematicheskii Sbornik},
  volume={150},
  number={1},
  pages={32--61},
  year={1979},
  publisher={Russian Academy of Sciences, Branch of Mathematical Sciences}
}
@book{Sato1999,
  title={L{\'e}vy processes and infinitely divisible distributions},
  author={Sato, Ken-iti},
  year={1999},
  publisher={Cambridge university press}
}

@book{Skorokhod1982,
  title={Studies in the theory of random processes},
  author={Skorokhod, Anatoli{\u\i}} Vladimirovich},
  year={1982},
  publisher={Dover New York}
}

@incollection{Kabanov--Liptser--Shiryaev1980,
  title={On absolute continuity of probability measures for Markov-Ito processes},
  author={Kabanov, Yu M and Liptser, R Sh and Shiryayev, AN},
  booktitle={Stochastic Differential Systems Filtering and Control},
  pages={114--128},
  year={1980},
  publisher={Springer}
}

@book{Jacod--Shiryaev1987,
  title={Limit theorems for stochastic processes},
  author={Jacod, Jean and Shiryaev, Albert N},
  volume={288},
  year={1987},
  publisher={Springer-Verlag Berlin}
}

@article{Jacod--Memin1976,
  title={Caract{\'e}ristiques locales et conditions de continuit{\'e} absolue pour les semi-martingales},
  author={Jacod, Jean and Memin, Jean},
  journal={Probability Theory and Related Fields},
  volume={35},
  number={1},
  pages={1--37},
  year={1976},
  publisher={Springer}
}

@book{Rao1999,
  title={Semimartingales and their statistical inference},
  author={Rao, BL S Prakasa},
  volume={83},
  year={1999},
  publisher={CRC Press}
}

@book{Dellacherie--Meyer1982,
  title={Probabilities and Potential, volume B},
  author={Dellacherie, Claude and Meyer, Paul-Andr{\'e}},
  year={1982},
  publisher={Amsterdam, North-Holland}
}

@book{Liptser--Shiryaev1989,
  title={Theory of martingales},
  author={Liptser, Robert and Shiryaev, Albert},
  volume={49},
  year={1989},
  publisher={Kluwer Academic Publishers (Dordrecht and Boston)}
}

@inproceedings{Jiao--Venkat--Weissman2013,
  title={Pointwise relations between information and estimation in the Poisson channel},
  author={Jiao, Jiantao and Venkat, Kartik and Weissman, Tsachy},
  booktitle={Information Theory Proceedings (ISIT), 2013 IEEE International Symposium on},
  pages={449--453},
  year={2013},
  organization={IEEE}
}

@article{Venkat--Weissman2012,
  title={Pointwise Relations Between Information and Estimation in Gaussian Noise},
  author={Venkat, Kartik and Weissman, Tsachy},
  journal={Information Theory, IEEE Transactions on},
  volume={58},
  number={10},
  pages={6264--6281},
  year={2012},
  publisher={IEEE}
}

@article{Mayer2007,
  title={Some relations between mutual information and estimation error in Wiener space},
  author={Mayer-Wolf, Eddy and Zakai, Moshe},
  journal={The Annals of Applied Probability},
  pages={1102--1116},
  year={2007},
  publisher={JSTOR}
}

@article{Reveillac2013,
  title={Likelihood ratios and {B}ayesian inference for Poisson channels},
  author={R{\'e}veillac, Anthony},
  journal={Information Theory, IEEE Transactions on},
  volume={59},
  number={10},
  pages={6261--6272},
  year={2013},
  publisher={IEEE}
}

@article{Zakai2005,
  title={On mutual information, likelihood ratios, and estimation error for the additive Gaussian channel},
  author={Zakai, Moshe},
  journal={Information Theory, IEEE Transactions on},
  volume={51},
  number={9},
  pages={3017--3024},
  year={2005},
  publisher={IEEE}
}

@article{Weissman2010,
  title={The relationship between causal and noncausal mismatched estimation in continuous-time AWGN channels},
  author={Weissman, Tsachy},
  journal={Information Theory, IEEE Transactions on},
  volume={56},
  number={9},
  pages={4256--4273},
  year={2010},
  publisher={IEEE}
}

@article{Verdu2010,
  title={Mismatched estimation and relative entropy},
  author={Verd{\'u}, Sergio},
  journal={Information Theory, IEEE Transactions on},
  volume={56},
  number={8},
  pages={3712--3720},
  year={2010},
  publisher={IEEE}
}

@article{Tulino--Verdu2006,
  title={Monotonic decrease of the non-Gaussianness of the sum of independent random variables: A simple proof},
  author={Tulino, Antonia Maria and Verd{\'u}, Sergio},
  journal={Information Theory, IEEE Transactions on},
  volume={52},
  number={9},
  pages={4295--4297},
  year={2006},
  publisher={IEEE}
}

@article{Verdu2006,
  title={A simple proof of the entropy-power inequality},
  author={Verd{\'u}, Sergio and Guo, Dongning},
  journal={Information Theory, IEEE Transactions on},
  volume={52},
  number={5},
  pages={2165--2166},
  year={2006}
}

@article{Guo--Shamai--Verdu2005,
  title={Mutual information and minimum mean-square error in Gaussian channels},
  author={Guo, Dongning and Shamai, Shlomo and Verd{\'u}, Sergio},
  journal={Information Theory, IEEE Transactions on},
  volume={51},
  number={4},
  pages={1261--1282},
  year={2005},
  publisher={IEEE}
}

@article{Grigelionis1974,
  title={Mutual information for locally infinitely divisible random processes},
  author={Grigelionis, B},
  journal={Lithuanian Mathematical Journal},
  volume={14},
  number={1},
  pages={1--6},
  year={1974},
  publisher={Springer}
}

@article{Kabanov1978,
  title={The capacity of a channel of the Poisson type},
  author={Kabanov, Yu M},
  journal={Theory of Probability \& Its Applications},
  volume={23},
  number={1},
  pages={143--147},
  year={1978},
  publisher={SIAM}
}


@article{Duncan1970,
  title={On the calculation of mutual information},
  author={Duncan, Tyrone E},
  journal={SIAM Journal on Applied Mathematics},
  volume={19},
  number={1},
  pages={215--220},
  year={1970},
  publisher={SIAM}
}

@book{Liptser--Shiryaev1989,
  title={Theory of martingales},
  author={Liptser, R and Shiryaev, Albert},
  volume={49},
  year={1989},
  publisher={Kluwer Academic Publishers (Dordrecht and Boston)}
}

@article{Kadota--Zakai--Ziv1971,
  title={Mutual information of the white Gaussian channel with and without feedback},
  author={Kadota, T and Zakai, Moshe and Ziv, Jacob},
  journal={Information Theory, IEEE Transactions on},
  volume={17},
  number={4},
  pages={368--371},
  year={1971},
  publisher={IEEE}
}

@article{Gertner1978,
  title={An alternative approach to nonlinear filtering},
  author={Gertner, Izidor},
  journal={Stochastic Processes and their Applications},
  volume={7},
  number={3},
  pages={231--246},
  year={1978},
  publisher={Elsevier}
}

@article{Kailath--Poor1998,
  title={Detection of stochastic processes},
  author={Kailath, Thomas and Poor, H Vincent},
  journal={Information Theory, IEEE Transactions on},
  volume={44},
  number={6},
  pages={2230--2231},
  year={1998},
  publisher={IEEE}
}

@book{Dellacherie1972,
  title={Capacities et Processus Stochastique},
  author={Dellacherie, C. },
  year={1972},
  publisher={Springer, New York}
}


@inproceedings{Taborda--Perez2012,
  title={Derivative of the relative entropy over the poisson and Binomial channel},
  author={Taborda, Camilo G and Perez-Cruz, Fernando},
  booktitle={Information Theory Workshop (ITW), 2012 IEEE},
  pages={386--390},
  year={2012},
  organization={IEEE}
}

@article{Guo2012,
  title={Information and Estimation over Binomial and Negative Binomial Models},
  author={Guo, Dongning},
  journal={arXiv preprint arXiv:1207.7144},
  year={2012}
}

@article{Banerjee--Merugu--Dhillon--Ghosh2005,
  title={Clustering with Bregman divergences},
  author={Banerjee, Arindam and Merugu, Srujana and Dhillon, Inderjit S and Ghosh, Joydeep},
  journal={The Journal of Machine Learning Research},
  volume={6},
  pages={1705--1749},
  year={2005},
  publisher={JMLR. org}
}

@article{Guo--Shamai--Verdu2008,
  title={Mutual information and conditional mean estimation in Poisson channels},
  author={Guo, Dongning and Shamai, Shlomo and Verd{\'u}, Sergio},
  journal={Information Theory, IEEE Transactions on},
  volume={54},
  number={5},
  pages={1837--1849},
  year={2008},
  publisher={IEEE}
}

@book{jacod1987limit,
  title={Limit theorems for stochastic processes},
  author={Jacod, Jean and Shiryaev, Albert N},
  volume={288},
  year={1987},
  publisher={Springer-Verlag Berlin}
}

@article{demboprobability,
  title={Probability Theory: STAT310/MATH230; Nov 27, 2012},
  author={Dembo, Amir}
}

@book{karatzas1991brownian,
  title={Brownian motion and stochastic calculus},
  author={KARATZAS, IOANNIS AUTOR and Shreve, Steven Eugene},
  volume={113},
  year={1991},
  publisher={Springer Verlag}
}

@book{ibragimov1978gaussian,
  title={Gaussian random processes},
  author={Ibragimov, Ilʹdar Abdulovich and Rozanov, I︠U︡ri{\u\i}} Anatolʹevich and Aries, AB},
  volume={9},
  year={1978},
  publisher={Springer-Verlag New York}
}

@article{Lapidoth1993,
  title={On the reliability function of the ideal Poisson channel with noiseless feedback},
  author={Lapidoth, Amos},
  journal={Information Theory, IEEE Transactions on},
  volume={39},
  number={2},
  pages={491--503},
  year={1993},
  publisher={IEEE}
}

@article{Snyder--Miller1991,
  title={Random point processes in time and space 2e Springer-Verlag},
  author={Snyder, D and Miller, MI},
  journal={New York, NY},
  year={1991}
}

@PREAMBLE{"\newcommand{\noopsort}[1]{}"}

@book{morters2010brownian,
  title={Brownian motion},
  author={M{\"o}rters, Peter and Peres, Yuval},
  volume={30},
  year={2010},
  publisher={Cambridge University Press}
}

@article{kolmogorov1956shannon,
  title={On the Shannon theory of information transmission in the case of continuous signals},
  author={Kolmogorov, A},
  journal={Information Theory, IEEE Transactions on},
  volume={2},
  number={4},
  pages={102--108},
  year={1956}
}

@article{Ershov1972,
  title={Representations of It{\^o} processes},
  author={Ershov, MP},
  journal={Theory of Probability \& Its Applications},
  volume={17},
  number={1},
  pages={165--169},
  year={1972},
  publisher={SIAM}
}

@Book{Liptser--Shiryaev2001,
author = {Liptser, R.S. and Shiryaev, A. N.},
title = {Statistics of Random Processes II:
Applications, 2nd ed.},
publisher = {Springer-Verlag},
year = {2001},
}

@Book{Liptser--Shiryaev2000,
author = {Liptser, R.S. and Shiryaev, A. N.},
title = {Statistics of Random Processes I:
General Theory, 2nd ed.},
publisher = {Springer-Verlag},
year = {2000},
}

@article{Atar--Weissman2012,
  title={Mutual information, relative entropy, and estimation in the Poisson channel},
  author={Atar, Rami and Weissman, Tsachy},
  journal={Information Theory, IEEE Transactions on},
  volume={58},
  number={3},
  pages={1302--1318},
  year={2012},
  publisher={IEEE}
}



@article {Tatikonda--Sanjoy2009,
    AUTHOR = {Tatikonda, Sekhar and Mitter, Sanjoy},
     TITLE = {The capacity of channels with feedback},
   JOURNAL = tit,
    VOLUME = {55},
      YEAR = {2009},
    NUMBER = {1},
     PAGES = {323--349},
}

@article {Birch1962,
    AUTHOR = {Birch, J.J.},
     TITLE = {Approximations for the entropy for functions of Markov chains},
   JOURNAL = {Ann. Math. Statist.},
    VOLUME = {33},
      YEAR = {1962},
     PAGES = {930--938},
}

@article {Gland--Mevel2000,
    AUTHOR = {Gland, F. Le and Mevel, L.},
     TITLE = {Exponential forgetting and geometric ergodicity in hidden Markov models},
   JOURNAL = {Math. Control Signals Syst.},
    VOLUME = {13},
      YEAR = {2000},
    NUMBER = {1},
     PAGES = {63--93},
}

@article {Hochwald--Jelenkovic1999,
    AUTHOR = {Hochwald, B. M. and Jelenkovi\'c, P.R.},
     TITLE = {State learning and mixing in entropy of hidden {M}arkov processes and the {G}ilbert--{E}lliott channel},
   JOURNAL = tit,
    VOLUME = {45},
      YEAR = {1999},
    NUMBER = {1},
     PAGES = {128--138},
}


@article {Kieffer1991,
    AUTHOR = {Kieffer, J.C.},
     TITLE = {Sample converses in source coding theory},
   JOURNAL = tit,
    VOLUME = {37},
      YEAR = {1991},
     PAGES = {263–268},
}

@Book{		  Kramer1998,
  author	= {Kramer, Gerhard},
  title		= {Directed Information for Channels with Feedback},
  note		= {{D}r. sc. thchn. Dissertation, Swiss Federal Institute of
		  Technology (ETH) Zurich},
  year		= {1998},
  publisher	= {Hartung-Gorre Verlag},
  address	= {Konstanz}
}


@article{	  Permuter--Kim--Weissman2009,
  author	= {Permuter, Haim H. and Kim, Young-Han and Weissman, Tsachy},
  title		= {Interpretations of directed information in portfolio theory,
                   data compression, and hypothesis testing},
  journal = tit,
  volume = {57},
  number = {3},
  pages = {3248--3259},
  month = jun,
  year		= {2011},
}

@InProceedings{	  Massey90,
  author	= {Massey, James L.},
  title		= {Causality, feedback, and directed information},
  booktitle	= isita,
  month		= nov,
  year		= {1990},
  address	= {Honolulu, HI},
  pages		= {303--305}
}

@Book{		  Cover--Thomas2006,
  author	= {Cover, Thomas M. and Thomas, Joy A.},
  title		= {Elements of Information Theory},
  optseries	= {Wiley Series in Telecommunications},
  optnote	= {A Wiley-Interscience Publication},
  publisher	= {Wiley},
  edition	= {Second},
  address	= {New York},
  year		= {2006},
  pages		= {xxiv+542},
  mrclass	= {94-02 (94A17)},
  mrnumber	= {MR1122806 (92g:94001)},
  mrreviewer	= {L. L. Campbell}
}

@article{breiman1992probability,
  title={Probability, Classics in Applied Mathematics, vol. 7},
  author={Breiman, Leo},
  journal={Society for Industrial and Applied Mathematics (SIAM), Pennsylvania},
  year={1992}
}

@Article{	  Breiman1957,
  author	= {Breiman, Leo},
  title		= {The individual ergodic theorem of information theory},
  journal	= {Ann. Math. Statist.},
  volume	= {28},
  number        = {3},
  year		= {1957},
  pages		= {809--811},
  issn		= {0003-4851},
  mrclass	= {94.0X},
  mrnumber	= {MR0092710 (19,1148g)},
  mrreviewer	= {O. Onicescu},
  note		= {Correction (1960). 31(3), 809--810}
}

@Book{		  Pinsker1964,
  author	= {Pinsker, M. S.},
  title		= {Information and Information Stability of Random Variables
		  and Processes},
  optseries	= {Translated and edited by Amiel Feinstein},
  publisher	= {Holden-Day},
  address	= {San Francisco},
  year		= {1964},
  pages		= {xii+243},
  mrclass	= {94.20},
  mrnumber	= {MR0213190 (35 \#4054b)}
}



@Article{	  McMillan1953,
  author	= {McMillan, Brockway},
  title		= {The basic theorems of information theory},
  journal	= {Ann. Math. Statist.},
  volume	= {24},
  number        = {2},
  year		= {1953},
  pages		= {196--219},
  issn		= {0003-4851},
  mrclass	= {60.0X},
  mrnumber	= {MR0055621 (14,1101h)},
  mrreviewer	= {J. L. Doob}
}

@Book{		  Csiszar--Korner1981,
  author	= {Csisz{\'a}r, Imre and K{\"o}rner, J{\'a}nos},
  title		= {\noopsort{c}{I}nformation Theory: Coding Theorems for Discrete
                  Memoryless Systems},
  optedition	= {Third},
  publisher	= {Akad\'emiai Kiad\'o},
  address	= {Budapest},
  year		= {1981},
  pages		= {xii+452},
  isbn		= {963-05-7440-3},
  mrclass	= {94A15 (94-02 94A24 94A29)},
  mrnumber	= {MR1492180 (98k:94003)}
}



@article{	  Ziv--Merhav1993,
  author	= {Ziv, Jacob and Merhav, Neri},
  title		= {A measure of relative entropy between individual
  sequences with application to universal classification},
  journal = tit,
  volume = {39},
  number = {4},
  pages = {1270--1279},
  year		= {1993},
}


@article{	  Cai--Kulkarni--Verdu2004,
  author	= {Cai, Haixiao and Kulkarni, Sanjeev R. and Verd{\'u}, Sergio},
  title		= {Universal entropy estimation via block
  sorting},
  journal = tit,
  volume = {50},
  number = {7},
  pages = {1551--1561},
  year		= {2004},
}

@article{	  Kramer03,
  author	= {Kramer, Gerhard},
  title	= {Capacity results for the discrete memoryless network},
  journal = tit,
  volume = {49},
  number = {1},
  pages = {4--21},
  year		= {2003},
}

@article{	 MerhavFeder98,
  author	= {Merhav, Neri and Feder, Meir},
  title		= {Universal prediction},
  journal = tit,
  volume = {44},
  number = {6},
  pages = {2124--2147},
  year		= {1998},
}

@article{	 Kim08,
  author	= {Kim, Young-Han},
  title		= {A coding theorem for a class of stationary channels with feedback},
  journal = tit,
  volume = {54},
  number = {4},
  pages = {1488--1499},
  year		= {2008},
}

@article{	 Permuter--Weissman--Goldsmith2009,
  author	= {Permuter, Haim H. and Weissman, Tsachy and Goldsmith, Andrea J.},
  title		= {Finite state channels with time-invariant deterministic feedback},
  journal = tit,
  volume = {55},
  number = {2},
  pages = {644--662},
  year		= {2009},
}

@article {Gardner--unpublished,
    AUTHOR = {Gardner, Robert},
     TITLE = {Weak sequential convergence in $L^p$},
     publisher = {unpublished},
       URL = {https://faculty.etsu.edu/gardnerr/5210/notes/8-2.pdf},
}

@article {Weissman--unpublished,
    AUTHOR = {Weissman, Tsachy},
     TITLE = {Not all universal codes are pointwise universal},
     publisher = {unpublished},
       URL = {http://www.stanford.edu/~tsachy/papers.html},
}

@article {Amblard--Michel2011,
    AUTHOR = {Amblard, Pierre-Olivier and  Michel, Olivier J. J.},
     TITLE = {Relating Granger causality to directed information theory for networks of stochastic processes},
       URL = {http://arxiv.org/abs/0911.2873},
}


@InProceedings{	  Mathai--Martins--Shapiro2007,
  author	= {Mathai, Pramod and Martins, Nuno C. and Shapiro, Benjamin},
  title		= {On the Detection of Gene Network Interconnections using Directed Mutual Information},
  booktitle	= ita,
  year		= {2007},
 }


@article{	 Rao--Hero--States--Engel2008,
  author	= {Rao, Arvind and Hero, Alfred O. and States, David J. and Engel, James D.},
  title		= {Using Directed Information to Build Biologically Relevant Influence Networks},
  journal = {J. Bioinform. Comput. Biol.},
  volume = {6},
  number = {3},
  pages = {493--519},
  year		= {2008},
}



@article{	 Quinn--Coleman--Kiyavash--Hatsopoulos2009,
  author	= {Quinn, Christopher J. and Coleman, Todd P. and Kiyavash, Negar and Hatsopoulos, Nicholas G.},
  title		= {Estimating the directed information to infer causal relationships in ensemble neural spike train recordings},
  journal = {J. Comput. Neurosci.},
  year		= {2011},
}


@InProceedings{	  Massey--Massey2005,
  author	= {Massey, James L. and Massey, Peter C.},
  title		= {Conservation of mutual and directed information},
  booktitle	= isit,
  year		= {2005},
  pages		= {157--158}
}


@Book{		  Breiman1992,
  author	= {Breiman, Leo},
  title		= {Probability},
  year		= {1992},
  publisher	= {SIAM: Society for Industrial and Applied Mathematics},
}



@article{	 Willems--Shtarkov--Tjalkens1995,
  author	= {Willems, Frans M. J. and Shtarkov, Yuri M. and Tjalkens, Tjalling J.},
  title		= {The Context-Tree Weighting Method: Basic Properties},
  journal = tit,
  volume = {41},
  number = {3},
  pages = {653--664},
  year		= {1995},
}


@InProceedings{	  Tjalkens--Shtarkov--Willems1993,
  author	= {Tjalkens, Tjalling J. and Shtarkov, Yuri M. and Willems, Frans M. J.},
  title		= {Sequential Weighting Algorithms for Multi-Alphabet Sources},
  booktitle	= {6th Joint Swedish--Russian Int. Workshop Inf. Theory},
  year		= {1993},
  pages		= {230--234}
}


@article{	 Willems1998,
  author	= {Willems, Frans M. J.},
  title		= {The Context-Tree Weighting Method: Extensions},
  journal = tit,
  volume = {44},
  number = {2},
  pages = {792-798},
  year		= {1998},
}


@InProceedings{	  Zhao--Kim--Permuter--Weissman2010,
  author	= {Zhao, Lei and Kim, Young-Han and Permuter, Haim H. and Weissman, Tsachy},
  title		= {Universal estimation of directed information},
  booktitle	= isit,
  year		= {2010},
  pages		= {230--234}
}

@article{	Ziv--Lempel1978,
  author	= {Ziv, Jacob and Lempel, Abraham},
  title		= {Compression of individual sequences via variable-rate coding},
  journal = tit,
  volume = {24},
  number = {5},
  pages = {530--536},
  year		= {1978},
}

@InProceedings{	  Yu--Verdu2006,
  author	= {Yu, Jiming and Verd{\'u}, Sergio},
  title		= {Universal erasure entropy estimation},
  booktitle	= isit,
  year		= {2006},
}
 

@InProceedings{	  Verdu2005,
  author	= {Verd{\'u}, Sergio},
  title		= {Universal estimation of information measures},
  booktitle	= itw,
  year		= {2005},
}
 
@book {Burrows--Wheeler1994,
    AUTHOR = {Burrows, M. and Wheeler, David J.},
     TITLE = {A block-sorting lossless data compression algorithm},
 publisher = {Digital Systems Research Center, Tech. Rep. 124},
      YEAR = {1994},
 }


@article{	 Bradley2005,
  author	= {Bradley, Richard},
  title		= {Basic properties of strong mixing conditions. a survey and some
  open questions},
  journal = {Probab. Surveys},
  volume = {2},
  pages = {107--144},
  year		= {2005},
}

@article{	Venkataramanan--Pradhan2007,
  author	= {Venkataramanan, Ramji and Pradhan, S. Sandeep},
  title		= {Source coding with feed-forward: {R}ate--distortion theorems and error exponents for a general source},
  journal = tit,
  volume = {53},
  number = {6},
  pages = {2154--2179},
  year		= {2007},
}


@article{	Wyner--Ziv1989,
  author	= {Wyner, Aaron D. and Ziv, Jacob},
  title		= {Some asymptotic properties of the entropy of a stationary
  ergodic data source with applications to data compression},
  journal = tit,
  volume = {35},
  number = {6},
  pages = {1250--1258},
  year		= {1989},
}
  
@article{	Gal--Koksma1948,
  author	= {G{\'a}l, I. S. and Koksma, J. F.},
  title		= {Sur l'ordre de grandeur des fonctions
  sommables},
  journal = {C. R. Acad. Sci. Paris},
  volume = {227},
  pages = {1321--1323},
  year		= {1948},
}


@Book{		  Doob1953,
  author	= {Doob, Joseph L.},
  title		= {Stochastic Processes},
  year		= {1953},
  publisher	= {Wiley, New-York},
}
  

@article{	Barron1986,
  author	= {Barron, Andrew R.},
  title		= {Entropy and the central limit theorem},
  journal = {Ann. Probab.},
  volume = {14},
  pages = {336--342},
  year		= {1986},
}

@Book{		  Tsybakov2008,
  author	= {Tsybakov, A.},
  title		= {Introduction to Nonparametric Estimation},
  year		= {2008},
  publisher	= {Springer-Verlag},
}
  
@article{	Cai--Kulkarni--Verdu2006,
  author	= {Cai, Haixiao and Kulkarni, Sanjeev R. and Verd{\'u}, Sergio},
  title		= {Universal divergence estimation for finite-alphabet sources},
  journal = tit,
  volume = {52},
  number = {8},
  pages = {3456--3475},
  year		= {2006},
}


@article{	Krichevsky--Trofimov1981,
  author	= {Krichevsky, Raphail E. and Trofimov, Victor K.},
  title		= {The performance of universal encoding},
  journal = tit,
  volume = {27},
  number = {2},
  pages = {199--207},
  year		= {1981},
}

@Book{		  Willems--Tjalkens1997,
  author	= {Willems, F.M.J. and Tjalkens, Tj.J.},
  title	= {Complexity Reduction of the Context-Tree Weighting Algorithm: A Study for KPN Research},
  year		= {1997},
  publisher	= {Tech. Rep. Univ. Eindhoven, Eindhoven, The Netherlands, EIDMA Rep. RS.97.01},
}

@article{	Marko1973,
  author	= {Marko, H.},
  title		= {The bidirectional communication theory--A generalization of information theory},
  journal = itc,
  volume = {COM-21},
  pages = {1345--1351},
  year		= {1973},
}

@article{	Ornstein1978,
  author	= {Ornstein, D.S.},
  title		= {Guessing the next output of a stationary process},
  journal = {Israel J. Math.},
  volume = {30},
  pages = {292--296},
  year		= {1978},
}

@article{	Algoet1992,
  author	= {Algoet, P.H.},
  title		= {Universal schemes for prediction, gambling and portfolio selection},
  journal = {Ann. Prob.},
  volume = {20},
  pages = {901--941},
  year		= {1992},
}

@article{	Morvai--Yakowitz--Algoet1997,
  author	= {Morvai, Guszt{\'a}v and Yakowitz, Sidney J. and Algoet, Paul},
  title		= {Weakly convergent nonparametric forecasting of stationary time series},
  journal = tit,
  volume = {43},
  number = {2},
  pages = {483--498},
  year		= {1997},
}

@article{	Granger1969,
  author	= {Granger, C},
  title		= {Investigating causal relations by econometric models and cross-spectral methods},
  journal = {Econometrica},
  volume = {37},
  number = {3},
  pages = {424-438},
  year		= {1969},
}

@article{	Kleinberg--Hripcsak2011,
  author	= {Kleinberg, Samantha and Hripcsak, George},
  title		= {A review of causal inference for biomedical informatics},
  journal = {J. Biomed. Inform.},
  volume = {44},
  number = {6},
  pages = {1102-1112},
  year		= {2011},
}

@article{Wang--Kulkarni--Verdu2005divergence,
	title={Divergence estimation of continuous distributions based on data-dependent partitions},
	author={Wang, Qing and Kulkarni, Sanjeev R and Verd{\'u}, Sergio},
	journal={Information Theory, IEEE Transactions on},
	volume={51},
	number={9},
	pages={3064--3074},
	year={2005},
	publisher={IEEE}
}

@Article{WKV09b,
  Title                    = {Universal estimation of information measures for analog sources},
  Author                   = {Wang, Qing and Kulkarni, Sanjeev R and Verd{\'u}, Sergio},
  Journal                  = {Foundations and Trends in Communications and Information Theory},
  Year                     = {2009},
  Number                   = {3},
  Pages                    = {265--353},
  Volume                   = {5}
}

@article{Wang--Kulkarni--Verdu2009divergence,
	title={Divergence estimation for multidimensional densities via-nearest-neighbor distances},
	author={Wang, Qing and Kulkarni, Sanjeev R and Verd{\'u}, Sergio},
	journal={Information Theory, IEEE Transactions on},
	volume={55},
	number={5},
	pages={2392--2405},
	year={2009},
	publisher={IEEE}
}
@article{Nguyen--Wainwright--Jordan2010estimating,
	title={Estimating divergence functionals and the likelihood ratio by convex risk minimization},
	author={Nguyen, XuanLong and Wainwright, Martin J and Jordan, Michael I},
	journal={Information Theory, IEEE Transactions on},
	volume={56},
	number={11},
	pages={5847--5861},
	year={2010},
	publisher={IEEE}
}
@article{Zhang--Grabchak2014nonparametric,
	title={Nonparametric estimation of {K}{\"u}llback-{L}eibler divergence},
	author={Zhang, Zhiyi and Grabchak, Michael},
	journal={Neural computation},
	volume={26},
	number={11},
	pages={2570--2593},
	year={2014},
	publisher={MIT Press}
}
@article{Bu--Zou--Liang--Veeravalli2016estimation,
	title={Estimation of {KL} divergence between large-alphabet distributions},
	author={Bu, Yuheng and Zou, Shaofeng and Liang, Yingbin and Veeravalli, Venugopal V.},
	journal={submitted to 2016 International Symposium on Information Theory},
	year={2016}
}
@article{Han--Jiao--Weissman2016minimax,
	title={Minimax Estimation of {KL} divergence},
	author={Han, Yanjun and Jiao, Jiantao and Weissman, Tsachy},
	journal={submitted},
	year={2016}
}
@article{wu2015chebyshev,
  title={Chebyshev polynomials, moment matching, and optimal estimation of the unseen},
  author={Wu, Yihong and Yang, Pengkun},
  journal={arXiv preprint arXiv:1504.01227},
  year={2015}
}

@article{kullback1951information,
  title={On information and sufficiency},
  author={Kullback, Solomon and Leibler, Richard A},
  journal={The annals of mathematical statistics},
  volume={22},
  number={1},
  pages={79--86},
  year={1951},
  publisher={JSTOR}
}

@inproceedings{bu2016estimation,
  title={Estimation of {KL} divergence between large-alphabet distributions},
  author={Bu, Yuheng and Zou, Shaofeng and Liang, Yingbin and Veeravalli, Venugopal V},
  booktitle={2016 IEEE International Symposium on Information Theory (ISIT)},
  pages={1118--1122},
  year={2016},
  organization={IEEE}
}

@inproceedings{jiao2016minimax,
  title={Minimax estimation of the {$L_1$} distance},
  author={Jiao, Jiantao and Han, Yanjun and Weissman, Tsachy},
  booktitle={2016 IEEE International Symposium on Information Theory (ISIT)},
  pages={750--754},
  year={2016},
  organization={IEEE}
}

@article{bu2016estimation_journal,
  title={Estimation of {KL} Divergence: Optimal Minimax Rate},
  author={Bu, Yuheng and Zou, Shaofeng and Liang, Yingbin and Veeravalli, Venugopal V},
  journal={arXiv preprint arXiv:1607.02653},
  year={2016}
}
@article{csisz1967information,
  title={Information-type measures of difference of probability distributions and indirect observations},
  author={Csisz, I and others},
  journal={Studia Sci. Math. Hungar.},
  volume={2},
  pages={299--318},
  year={1967}
}


@article{nemirovski2000topics,
  title={Topics in non-parametric},
  author={Nemirovski, Arkadi},
  journal={Ecole d’Et{\'e} de Probabilit{\'e}s de Saint-Flour},
  volume={28},
  pages={85},
  year={2000}
}

@book{mason2002chebyshev,
  title={Chebyshev polynomials},
  author={Mason, John C and Handscomb, David C},
  year={2002},
  publisher={CRC Press}
}
@article{haar1917minkowskische,
  title={Die Minkowskische Geometrie und die Ann{\"a}herung an stetige Funktionen},
  author={Haar, Alfred},
  journal={Mathematische Annalen},
  volume={78},
  number={1},
  pages={294--311},
  year={1917},
  publisher={Springer}
}

@incollection{liese2007statistical,
  title={Statistical decision theory},
  author={Liese, Friedrich and Miescke, Klaus-J},
  booktitle={Statistical Decision Theory},
  pages={1--52},
  year={2007},
  publisher={Springer}
}

@book{catoni2004statistical,
  title={Statistical learning theory and stochastic optimization: Ecole d'Et{\'e} de Probabilit{\'e}s de Saint-Flour, XXXI-2001},
  author={Catoni, Olivier and Picard, Jean},
  volume={31},
  year={2004},
  publisher={Springer Science \& Business Media}
}
@article{kingma2013auto,
  title={Auto-encoding variational bayes},
  author={Kingma, Diederik P and Welling, Max},
  journal={arXiv preprint arXiv:1312.6114},
  year={2013}
}
@article{dempster1977maximum,
  title={Maximum likelihood from incomplete data via the EM algorithm},
  author={Dempster, Arthur P and Laird, Nan M and Rubin, Donald B},
  journal={Journal of the royal statistical society. Series B (methodological)},
  pages={1--38},
  year={1977},
  publisher={JSTOR}
}
@article{bishop2006pattern,
  title={Pattern recognition},
  author={Bishop, Christopher M},
  journal={Machine Learning},
  volume={128},
  year={2006}
}
@book{sanov1958probability,
  title={On the probability of large deviations of random variables},
  author={Sanov, IN},
  year={1958},
  publisher={United States Air Force, Office of Scientific Research}
}
@book{csiszar2011information,
  title={Information theory: coding theorems for discrete memoryless systems},
  author={Csiszar, Imre and K{\"o}rner, J{\'a}nos},
  year={2011},
  publisher={Cambridge University Press}
}
@book{kullback1997information,
  title={Information theory and statistics},
  author={Kullback, Solomon},
  year={1997},
  publisher={Courier Corporation}
}
@article{han2016minimax,
  title={Minimax estimation of divergences between discrete distributions},
  author={Han, Yanjun and Jiao, Jiantao and Weissman, Tsachy},
  journal={arXiv preprint arXiv:1605.09124},
  year={2016}
}

@book{hardle2012wavelets,
  title={Wavelets, approximation, and statistical applications},
  author={H{\"a}rdle, Wolfgang and Kerkyacharian, Gerard and Picard, Dominique and Tsybakov, Alexander},
  volume={129},
  year={2012},
  publisher={Springer Science \& Business Media}
}



@article{skalyga2005bounds,
  title={Bounds for the derivatives of polynomials on centrally symmetric convex bodies},
  author={Skalyga, Valentin Ivanovich},
  journal={Izvestiya: Mathematics},
  volume={69},
  number={3},
  pages={607--621},
  year={2005},
  publisher={Turpion Ltd}
}



@article{remez1936propierte,
  title={Sur une propi{\'e}rt{\'e} extr{\'e}male des polyn{\^o}mes de Tchebychef, Zap},
  author={Remez, E},
  journal={Nauk-Doslid. Inst. Mat. Meh., Harkiv, Mat. Tovar},
  volume={13},
  pages={93--95},
  year={1936}
}



@article{brudnyui1973extremal,
  title={On an extremal problem for polynomials in $n$ variables},
  author={Brudny{\u\i}}, Yu A and Ganzburg, Michael I},
  journal={Mathematics of the USSR-Izvestiya},
  volume={7},
  number={2},
  pages={345},
  year={1973},
  publisher={IOP Publishing}
}



@book{Stein70,
  title={Singular integrals and differentiability properties of functions},
  author={Stein, Elias M.},
  year={1970},
  publisher={Princeton university press},
  address={Princeton, NJ}
}

@article{triebel1994theory,
  title={Theory of function spaces II},
  author={Triebel, Hans},
  journal={Bull. Amer. Math. Soc},
  volume={31},
  pages={119--125},
  year={1994}
}

@article{jawerth1977some,
  title={Some observations on {Besov} and {Lizorkin--Triebel} spaces},
  author={Jawerth, Bj{\"o}rn},
  journal={Mathematica Scandinavica},
  volume={40},
  number={1},
  pages={94--104},
  year={1977},
  publisher={JSTOR}
}

@Book{timan63,
  Title                    = {Theory of approximation of functions of a real variable},
  Author                   = {Timan, Aleksandr Filippovich},
  Publisher                = {Pergamon Press},
  Year                     = {1963}
}


@article {tao-torus,
    AUTHOR = {Tao, Terrence},
     TITLE = {{The Hardy-Littlewood maximal inequality and applications. Lecture notes for MATH 247A: Fourier analysis}},
       note = {\url{http://www.math.ucla.edu/~tao/247a.1.06f/notes3.pdf}},
			year={2015}
}

@Book{MU06,
  Title                    = {Probability and computing: Randomized algorithms and probabilistic analysis},
  Author                   = {Mitzenmacher, Michael and Upfal, Eli},
  Publisher                = {Cambridge University Press},
  Year                     = {2005}
}

@incollection{johnen1977equivalence,
  title={On the equivalence of the {$K$}-functional and moduli of continuity and some applications},
  author={Johnen, Hans and Scherer, Karl},
  booktitle={Constructive theory of functions of several variables},
  pages={119--140},
  year={1977},
  publisher={Springer}
}

@article{costa2004geodesic,
  title={Geodesic entropic graphs for dimension and entropy estimation in manifold learning},
  author={Costa, Jose A and Hero, Alfred O},
  journal={IEEE Transactions on Signal Processing},
  volume={52},
  number={8},
  pages={2210--2221},
  year={2004},
  publisher={IEEE}
}

@article{hlavavckova2007causality,
  title={Causality detection based on information-theoretic approaches in time series analysis},
  author={Hlav{\'a}{\v{c}}kov{\'a}-Schindler, Katerina and Palu{\v{s}}, Milan and Vejmelka, Martin and Bhattacharya, Joydeep},
  journal={Physics Reports},
  volume={441},
  number={1},
  pages={1--46},
  year={2007},
  publisher={Elsevier}
}

@article{joe1989estimation,
  title={Estimation of entropy and other functionals of a multivariate density},
  author={Joe, Harry},
  journal={Annals of the Institute of Statistical Mathematics},
  volume={41},
  number={4},
  pages={683--697},
  year={1989},
  publisher={Springer}
}

@article{brown2004equivalence,
  title={Equivalence theory for density estimation, {P}oisson processes and {G}aussian white noise with drift},
  author={Brown, Lawrence D and Carter, Andrew V and Low, Mark G and Zhang, Cun-Hui and others},
  journal={The Annals of Statistics},
  volume={32},
  number={5},
  pages={2074--2097},
  year={2004},
  publisher={Institute of Mathematical Statistics}
}

@article{goldstein1992optimal,
  title={Optimal plug-in estimators for nonparametric functional estimation},
  author={Goldstein, Larry and Messer, Karen},
  journal={The annals of statistics},
  pages={1306--1328},
  year={1992},
  publisher={JSTOR}
}

@article{paninski2008undersmoothed,
  title={Undersmoothed kernel entropy estimators},
  author={Paninski, Liam and Yajima, Masanao},
  journal={IEEE Transactions on Information Theory},
  volume={54},
  number={9},
  pages={4384--4388},
  year={2008},
  publisher={IEEE}
}

@inproceedings{gao2017demystifying,
  title={Demystifying fixed $k$-nearest neighbor information estimators},
  author={Gao, Weihao and Oh, Sewoong and Viswanath, Pramod},
  booktitle={Information Theory (ISIT), 2017 IEEE International Symposium on},
  pages={1267--1271},
  year={2017},
  organization={IEEE}
}

@incollection{gyorfi1991nonparametric,
  title={On the nonparametric estimation of the entropy functional},
  author={Gy{\"o}rfi, L{\'a}szl{\'o} and Van der Meulen, Edward C},
  booktitle={Nonparametric functional estimation and related topics},
  pages={81--95},
  year={1991},
  publisher={Springer}
}

@ARTICLE{Renyi59,
  author = {Alfr{\'e}d R{\'e}nyi},
  title = {On the dimension and entropy of probability distributions},
  journal = {Acta Mathematica Hungarica},
  year = {1959},
  volume = {10},
  number = {1--2},
  month = {Mar}
}

@article{han2015minimax,
  title={Minimax Estimation of Discrete Distributions Under $\ell_1$ Loss},
  author={Han, Yanjun and Jiao, Jiantao and Weissman, Tsachy},
  journal={IEEE Transactions on Information Theory},
  volume={61},
  number={11},
  pages={6343--6354},
  year={2015},
  publisher={IEEE}
}

@article{duchi2013distance,
  title={Distance-based and continuum {F}ano inequalities with applications to statistical estimation},
  author={Duchi, John C and Wainwright, Martin J},
  journal={arXiv preprint arXiv:1311.2669},
  year={2013}
}

@article{tishby2000information,
  title={The information bottleneck method},
  author={Tishby, Naftali and Pereira, Fernando C and Bialek, William},
  journal={arXiv preprint physics/0004057},
  year={2000}
}

@article{han2018distributed,
title={Distributed parameter estimation with communication constraints},
author={Han, Yanjun and Ozgur, Ayfer and Weissman, Tsachy},
journal={in preparation},
year={2018}
}
@inproceedings{zhang2013information,
  title={Information-theoretic lower bounds for distributed statistical estimation with communication constraints},
  author={Zhang, Yuchen and Duchi, John and Jordan, Michael I and Wainwright, Martin J},
  booktitle={Advances in Neural Information Processing Systems},
  pages={2328--2336},
  year={2013}
}

@inproceedings{Diakonikolas2014beyond,
  author    = {Ilias Diakonikolas},
  title     = {Beyond Histograms: Structure and Distribution Estimation},
  booktitle = {Workshop of the 46th ACM Symposium on Theory of Computing},
  year      = {2014},
}
@inproceedings{kamath2015learning,
  title={On Learning Distributions from their Samples},
  author={Kamath, Sudeep and Orlitsky, Alon and Pichapati, Venkatadheeraj and Suresh, Ananda Theertha},
  booktitle={Proceedings of The 28th Conference on Learning Theory},
  pages={1066--1100},
  year={2015}
}

@inproceedings{balcan2012distributed,
  title={Distributed learning, communication complexity and privacy},
  author={Balcan, Maria Florina and Blum, Avrim and Fine, Shai and Mansour, Yishay},
  booktitle={Conference on Learning Theory},
  pages={26--1},
  year={2012}
}

@article{boyd2011distributed,
  title={Distributed optimization and statistical learning via the alternating direction method of multipliers},
  author={Boyd, Stephen and Parikh, Neal and Chu, Eric and Peleato, Borja and Eckstein, Jonathan},
  journal={Foundations and Trends{\textregistered} in Machine Learning},
  volume={3},
  number={1},
  pages={1--122},
  year={2011},
  publisher={Now Publishers Inc.}
}

@article{dekel2012optimal,
  title={Optimal distributed online prediction using mini-batches},
  author={Dekel, Ofer and Gilad-Bachrach, Ran and Shamir, Ohad and Xiao, Lin},
  journal={Journal of Machine Learning Research},
  volume={13},
  number={Jan},
  pages={165--202},
  year={2012}
}

@inproceedings{duchi2013local,
  title={Local privacy and statistical minimax rates},
  author={Duchi, John C and Jordan, Michael I and Wainwright, Martin J},
  booktitle={IEEE 54th Annual Symposium on Foundations of Computer Science (FOCS), },
  pages={429--438},
  year={2013},
  organization={IEEE}
}

@inproceedings{diakonikolas2017communication,
  title={Communication-Efficient Distributed Learning of Discrete Distributions},
  author={Diakonikolas, Ilias and Grigorescu, Elena and Li, Jerry and Natarajan, Abhiram and Onak, Krzysztof and Schmidt, Ludwig},
  booktitle={Advances in Neural Information Processing Systems},
  pages={6394--6404},
  year={2017}
}

@article{duchi2012dual,
  title={Dual averaging for distributed optimization: Convergence analysis and network scaling},
  author={Duchi, John C and Agarwal, Alekh and Wainwright, Martin J},
  journal={IEEE Transactions on Automatic control},
  volume={57},
  number={3},
  pages={592--606},
  year={2012},
  publisher={IEEE}
}

@article{xu2017information,
  title={Information-Theoretic Lower Bounds on {B}ayes Risk in Decentralized Estimation},
  author={Xu, Aolin and Raginsky, Maxim},
  journal={IEEE Transactions on Information Theory},
  volume={63},
  number={3},
  pages={1580--1600},
  year={2017},
  publisher={IEEE}
}

@inproceedings{braverman2016communication,
  title={Communication lower bounds for statistical estimation problems via a distributed data processing inequality},
  author={Braverman, Mark and Garg, Ankit and Ma, Tengyu and Nguyen, Huy L and Woodruff, David P},
  booktitle={Proceedings of the forty-eighth annual ACM symposium on Theory of Computing},
  pages={1011--1020},
  year={2016},
  organization={ACM}
}

@misc{kushilevitz1997communication,
  title={Communication Complexity. Cambridge University Press},
  author={Kushilevitz, E and Nisan, N},
  year={1997},
  publisher={Cambridge}
}

@article{bar2004information,
  title={An information statistics approach to data stream and communication complexity},
  author={Bar-Yossef, Ziv and Jayram, Thathachar S and Kumar, Ravi and Sivakumar, D},
  journal={Journal of Computer and System Sciences},
  volume={68},
  number={4},
  pages={702--732},
  year={2004},
  publisher={Elsevier}
}

@article{paninski2008coincidence,
  title={A coincidence-based test for uniformity given very sparsely sampled discrete data},
  author={Paninski, Liam},
  journal={IEEE Transactions on Information Theory},
  volume={54},
  number={10},
  pages={4750--4755},
  year={2008},
  publisher={IEEE}
}

@article{han2018geometric,
  title={Geometric Lower Bounds for Distributed Parameter Estimation under Communication Constraints},
  author={Han, Yanjun and {\"O}zg{\"u}r, Ayfer and Weissman, Tsachy},
  journal={to appear in Conference on Learning Theory (COLT)},
  year={2018}
}

@inproceedings{garg2014communication,
  title={On communication cost of distributed statistical estimation and dimensionality},
  author={Garg, Ankit and Ma, Tengyu and Nguyen, Huy},
  booktitle={Advances in Neural Information Processing Systems},
  pages={2726--2734},
  year={2014}
}




