@book{ledoux2013probability,
	title={Probability in Banach Spaces},
	author={Ledoux, Michel and Talagrand, Michel},
	year={1991},
	publisher={Springer}
}

@book{tomczak1989banach,
	title={Banach-Mazur distances and finite-dimensional operator ideals},
	author={Tomczak-Jaegermann, Nicole},
	volume={38},
	year={1989},
	publisher={Longman Sc \& Tech}
}

@article{bartlett2002rademacher,
	title={Rademacher and Gaussian complexities: Risk bounds and structural 
	results},
	author={Bartlett, Peter L and Mendelson, Shahar},
	journal={Journal of Machine Learning Research},
	volume={3},
	number={Nov},
	pages={463--482},
	year={2002}
}


@inproceedings{neyshabur2015norm,
	title={Norm-based capacity control in neural networks},
	author={Neyshabur, Behnam and Tomioka, Ryota and Srebro, Nathan},
	booktitle={Conference on Learning Theory},
	pages={1376--1401},
	year={2015}
}

@article{bartlett2017spectrally,
	title={Spectrally-normalized margin bounds for neural networks},
	author={Bartlett, Peter and Foster, Dylan J and Telgarsky, Matus},
	journal={arXiv preprint arXiv:1706.08498},
	year={2017}
}

@book{boucheron2013concentration,
	title={Concentration inequalities: A nonasymptotic theory of independence},
	author={Boucheron, St{\'e}phane and Lugosi, G{\'a}bor and Massart, Pascal},
	year={2013},
	publisher={Oxford university press}
}

@book{anthony2009neural,
	title={Neural network learning: Theoretical foundations},
	author={Anthony, Martin and Bartlett, Peter L},
	year={2009},
	publisher={cambridge university press}
}

@article{neyshabur2017pac,
	title={A pac-bayesian approach to spectrally-normalized margin bounds for 
	neural networks},
	author={Neyshabur, Behnam and Bhojanapalli, Srinadh and McAllester, David 
	and Srebro, Nathan},
	journal={arXiv preprint arXiv:1707.09564},
	year={2017}
}

@article{zhang2016understanding,
	title={Understanding deep learning requires rethinking generalization},
	author={Zhang, Chiyuan and Bengio, Samy and Hardt, Moritz and Recht, 
	Benjamin and Vinyals, Oriol},
	journal={arXiv preprint arXiv:1611.03530},
	year={2016}
}

@article{neyshabur2014search,
	title={In search of the real inductive bias: On the role of implicit 
	regularization in deep learning},
	author={Neyshabur, Behnam and Tomioka, Ryota and Srebro, Nathan},
	journal={arXiv preprint arXiv:1412.6614},
	year={2014}
}

@book{shalev2014understanding,
	title={Understanding machine learning: From theory to algorithms},
	author={Shalev-Shwartz, Shai and Ben-David, Shai},
	year={2014},
	publisher={Cambridge university press}
}

@article{koltchinskii2002empirical,
	title={Empirical margin distributions and bounding the generalization error 
	of combined classifiers},
	author={Koltchinskii, Vladimir and Panchenko, Dmitry},
	journal={Annals of Statistics},
	pages={1--50},
	year={2002},
	publisher={JSTOR}
}