@article{agrawal1990multi,
  title={Multi-armed bandit problems with multiple plays and switching cost},
  author={Agrawal, R and Hegde, M and Teneketzis, D},
  journal={Stochastics and Stochastic Reports},
  volume={29},
  number={4},
  pages={437--459},
  year={1990}
}

@article{kivinen1997exponentiated,
  title={Exponentiated gradient versus gradient descent for linear predictors},
  author={Kivinen, Jyrki and Warmuth, Manfred K},
  journal={Information and Computation},
  volume={132},
  number={1},
  pages={1--63},
  year={1997},
  publisher={Elsevier}
}

@inproceedings{kulis2010implicit,
  title={Implicit online learning},
  author={Kulis, Brian and Bartlett, Peter L},
  booktitle={Proceedings of the 27th International Conference on Machine Learning (ICML-10)},
  pages={575--582},
  year={2010},
  organization={Citeseer}
}

@inproceedings{warmuth1997continuous,
  title={Continuous and discrete-time nonlinear gradient descent: Relative loss bounds and convergence},
  author={Warmuth, Manfred K and Jagota, Arun K},
  booktitle={Electronic proceedings of the 5th International Symposium on Artificial Intelligence and Mathematics},
  year={1997},
  organization={Citeseer}
}

@manual{errata,
  author = {Kirk Pruhs},
  title = {Errata},
  year = 2018,
  url ={http://people.cs.pitt.edu/~kirk/Errata.html},
}

@article{chen2016,
 author = {Chen, Niangjun and Comden, Joshua and Liu, Zhenhua and Gandhi, Anshul and Wierman, Adam},
 title = {Using Predictions in Online Optimization: Looking Forward with an Eye on the Past},
 journal = {SIGMETRICS Perform. Eval. Rev.},
 issue_date = {June 2016},
 volume = {44},
 number = {1},
 month = jun,
 year = {2016},
 pages = {193--206},
 numpages = {14},
 acmid = {2901464},
 publisher = {ACM},
 address = {New York, NY, USA},
 keywords = {model predictive control, online convex optimization, prediction},
} 

@inproceedings{blum2002static,
  title={Static optimality and dynamic search-optimality in lists and trees},
  author={Blum, Avrim and Chawla, Shuchi and Kalai, Adam},
  booktitle={Proc. of ACM-SIAM Symposium on Discrete Algorithms},
  pages={1--8},
  year={2002}
}f


@article{wang2014exploring,
  title={Exploring smart grid and data center interactions for electric power load balancing},
  author={Wang, Hao and Huang, Jianwei and Lin, Xiaojun and Mohsenian-Rad, Hamed},
  journal={ACM SIGMETRICS Performance Evaluation Review},
  volume={41},
  number={3}, 
  pages={89--94},
  year={2014},
  publisher={ACM}
}


@inproceedings{badiei2015online,
  title={Online convex optimization with ramp constraints},
  author={Badiei, Masoud and Li, Na and Wierman, Adam},
  booktitle={IEEE Conference on Decision and Control},
  pages={6730--6736},
  year={2015}
}


@article{kakade2009,
  title={On the duality of strong convexity and strong smoothness: Learning applications and matrix regularization},
  author={Kakade, Sham and Shalev-Shwartz, Shai and Tewari, Ambuj},
  journal={Manuscript, http://ttic. uchicago. edu/shai/papers/KakadeShalevTewari09.pdf},
  year={2009}
}

@inproceedings{zanini2009multicore,
  title={Multicore thermal management with model predictive control},
  author={Zanini, Francesco and Atienza, David and Benini, Luca and De Micheli, Giovanni},
  booktitle={IEEE. European Conf.\ Circuit Theory and Design},
  pages={711--714},
  year={2009}
}

@inproceedings{joseph2012jointly,
  title={Jointly optimizing multi-user rate adaptation for video transport over wireless systems: Mean-fairness-variability tradeoffs},
  author={Joseph, Vinay and de Veciana, Gustavo},
  booktitle={IEEE INFOCOM},
  pages={567--575},
  year={2012}
}

@inproceedings{kim2014real,
  title={Real-time electricity pricing for demand response using online convex optimization},
  author={Kim, Seung-Jun and Giannakis, Geogios B},
  booktitle={IEEE Innovative Smart Grid Tech.},
  pages={1--5},
  year={2014}
}

@article{lu2013simple,
  title={Simple and effective dynamic provisioning for power-proportional data centers},
  author={Lu, Tan and Chen, Minghua and Andrew, Lachlan LH},
  journal={IEEE Transactions on Parallel and Distributed Systems},
  volume={24},
  number={6},
  pages={1161--1171},
  year={2013}
}

@article{chen2017online,
  title={An online convex optimization approach to dynamic network resource allocation},
  author={Chen, Tianyi and Ling, Qing and Giannakis, Georgios B},
  journal={arXiv preprint arXiv:1701.03974},
  year={2017}
}


@inproceedings{bansal2015,
  author    = {Nikhil Bansal and
               Anupam Gupta and
               Ravishankar Krishnaswamy and
               Kirk Pruhs and
               Kevin Schewior and
               Clifford Stein},
  title     = {A 2-Competitive Algorithm For Online Convex Optimization With Switching
               Costs},
  booktitle = {Approximation, Randomization, and Combinatorial Optimization. Algorithms
               and Techniques},
  pages     = {96--109},
  year      = {2015}
}

@inproceedings{guha2009multi,
  title={Multi-armed bandits with metric switching costs},
  author={Guha, Sudipto and Munagala, Kamesh},
  booktitle={International Colloquium on Automata, Languages, and Programming},
  pages={496--507},
  year={2009},
  organization={Springer}
}


@ARTICLE{huang2011, 
author={Huang, Longbo and Neely, Michael J.}, 
journal={IEEE Transactions on Automatic Control}, 
title={Delay reduction via Lagrange multipliers in stochastic network optimization}, 
year={2011}, 
volume={56}, 
number={4}, 
pages={842-857}
}


@inproceedings{zinkevich2003,
  title={Online convex programming and generalized infinitesimal gradient ascent},
  author={Zinkevich, Martin},
  booktitle={International Conference on Machine Learning},
  pages={928--936},
  year={2003}
}



@inproceedings{lin2012,
  title={Online algorithms for geographical load balancing},
  author={Lin, Minghong and Liu, Zhenhua and Wierman, Adam and Andrew, Lachlan LH},
  booktitle={IEEE Green Computing Conference},
  pages={1--10},
  year={2012}
}	

@Article{Friedman1993,
author="Friedman, Joel
and Linial, Nathan",
title="On convex body chasing",
journal="Discrete {\&} Computational Geometry",
year="1993",
month="Mar",
day="01",
volume="9",
number="3",
pages="293--321"
}

@article{wright1999,
  title={Numerical optimization},
  author={Wright, Stephen J and Nocedal, Jorge},
  journal={Springer Science},
  volume={35},
  number={67-68},
  pages={7},
  year={1999}
}

@Article{nesterov2005,
author="Nesterov, Yu.",
title="Smooth minimization of non-smooth functions",
journal="Mathematical Programming",
year="2005",
month="May",
day="01",
volume="103",
number="1",
pages="127--152"
}


@article{herbster2001,
  title={Tracking the Best Linear Predictor},
  author={Mark Herbster and Manfred K. Warmuth},
  journal={Journal of Machine Learning Research},
  year={2001},
  volume={1},
  pages={281-309}
}


@inproceedings{srebro2011universality,
  title={On the universality of online mirror descent},
  author={Srebro, Nati and Sridharan, Karthik and Tewari, Ambuj},
  booktitle={Advances in neural information processing systems},
  pages={2645--2653},
  year={2011}
}

@ARTICLE{bubeck2017,
   author = {{Bubeck}, S. and {Cohen}, M.~B. and {Lee}, J.~R. and {Tat Lee}, Y. and 
	{Madry}, A.},
    title = "{k-server via multiscale entropic regularization}",
  journal = {ArXiv e-prints},
archivePrefix = "arXiv",
   eprint = {1711.01085},
 primaryClass = "cs.DS",
     year = 2017,
}

@article{goel2017thinking,
  title={Thinking Fast and Slow: Optimization Decomposition Across Timescales},
  author={Goel, Gautam and Chen, Niangjun and Wierman, Adam},
  journal={arXiv preprint arXiv:1704.07785},
  year={2017}
}

@inproceedings{koren2017multi,
  title={Multi-Armed Bandits with Metric Movement Costs},
  author={Koren, Tomer and Livni, Roi and Mansour, Yishay},
  booktitle={Advances in Neural Information Processing Systems},
  pages={4122--4131},
  year={2017}
}

@article{nemirovskii1983problem,
  title={Problem complexity and method efficiency in optimization},
  author={Nemirovskii, Arkadii and Yudin, David Borisovich and Dawson, Edgar Ronald},
  year={1983},
  publisher={Wiley}
}

@inproceedings{buchbinder2014competitive,
  title={Competitive analysis via regularization},
  author={Buchbinder, Niv and Chen, Shahar and Naor, Joseph Seffi},
  booktitle={Proceedings of the twenty-fifth annual ACM-SIAM symposium on Discrete algorithms},
  pages={436--444},
  year={2014},
  organization={Society for Industrial and Applied Mathematics}
}


@inproceedings{abernethy2010regularization,
  title={A regularization approach to metrical task systems},
  author={Abernethy, Jacob and Bartlett, Peter L and Buchbinder, Niv and Stanton, Isabelle},
  booktitle={International Conference on Algorithmic Learning Theory},
  pages={270--284},
  year={2010},
  organization={Springer}
}

@Article{Blum2000,
author="Blum, Avrim
and Burch, Carl",
title="On-line Learning and the Metrical Task System Problem",
journal="Machine Learning",
year="2000",
month="Apr",
day="01",
volume="39",
number="1",
pages="35--58",
}

@article{hall2013dynamical,
  title={Dynamical models and tracking regret in online convex programming},
  author={Hall, Eric C and Willett, Rebecca M},
  journal={arXiv preprint arXiv:1301.1254},
  year={2013}
}

@inproceedings{Kim2015,
 author = {Kim, Taehwan and Yue, Yisong and Taylor, Sarah and Matthews, Iain},
 title = {A Decision Tree Framework for Spatiotemporal Sequence Prediction},
 booktitle = {ACM International Conference on Knowledge Discovery and Data Mining},
 year = {2015},
 pages = {577--586}
} 



@article{bianchi2012,
  author    = {Nicol{\`{o}} Cesa{-}Bianchi and
               Pierre Gaillard and
               G{\'{a}}bor Lugosi and
               Gilles Stoltz},
  title     = {A new look at shifting regret},
  journal   = {CoRR},
  volume    = {abs/1202.3323},
  year      = {2012},

}
%%%%%%%%%%%%%%%%%%%%%%%%%%%%%%%%%%%%%%%%%%%%%%%%%%%%%%%%%%%%%%%%%%%%%%%

@inproceedings{buchbinder2012unified,
  title={Unified algorithms for online learning and competitive analysis},
  author={Buchbinder, Niv and Chen, Shahar and Naor, Joshep Seffi and Shamir, Ohad},
  booktitle={Conference on Learning Theory},
  pages={5--1},
  year={2012}
}


@article{li2018online,
  title={Online Optimization with Predictions and Switching Costs: Fast Algorithms and the Fundamental Limit},
  author={Li, Yingying and Qu, Guannan and Li, Na},
  journal={arXiv preprint arXiv:1801.07780},
  year={2018}
}


@inproceedings{zanini2010online,
  title={Online convex optimization-based algorithm for thermal management of
  {MPSoCs}},
  author={Zanini, Francesco and Atienza, David and De Micheli, Giovanni and Boyd, Stephen P},
  booktitle={The Great lakes symposium on VLSI},  pages={203--208},
  year={2010}
}




@INPROCEEDINGS{lin2011, 
author={Lin, Minghong  and Wierman, Adam and Andrew, Lachlan L. H.  and Thereska Eno }, 
booktitle={IEEE INFOCOM}, 
title={Dynamic right-sizing for power-proportional data centers}, 
year={2011}, 
volume={}, 
number={}, 
pages={1098-1106}, 
}


@Inbook{antoniadis2016,
author="Antoniadis, Antonios
and Barcelo, Neal
and Nugent, Michael
and Pruhs, Kirk
and Schewior, Kevin
and Scquizzato, Michele",
editor="Kranakis, Evangelos
and Navarro, Gonzalo
and Ch{\'a}vez, Edgar",
title="Chasing Convex Bodies and Functions",
bookTitle="LATIN",
year="2016",
pages="68--81"
}


@article{shalev2012,
  title={Online learning and online convex optimization},
  author={Shalev-Shwartz, Shai and others},
  journal={Foundations and Trends{\textregistered} in Machine Learning},
  volume={4},
  number={2},
  pages={107--194},
  year={2012},
  publisher={Now Publishers, Inc.}
}



@article{hazan2016,
  title={Introduction to online convex optimization},
  author={Hazan, Elad and others},
  journal={Foundations and Trends in Optimization},
  volume={2},
  number={3-4},
  pages={157--325},
  year={2016},
  publisher={Now Publishers, Inc.}
}


@inproceedings{andrew2013,
  title={A tale of two metrics: Simultaneous bounds on competitiveness and regret},
  author={Andrew, Lachlan and Barman, Siddharth and Ligett, Katrina and Lin, Minghong and Meyerson, Adam and Roytman, Alan and Wierman, Adam},
  booktitle={Conference on Learning Theory},
  pages={741--763},
  year={2013}
}


@article{xiao2010,
  title={Dual averaging methods for regularized stochastic learning and online optimization},
  author={Xiao, Lin},
  journal={Journal of Machine Learning Research},
  volume={11},
  number={Oct},
  pages={2543--2596},
  year={2010}
}


@book{borodin2005,
  title={Online computation and competitive analysis},
  author={Borodin, Allan and El-Yaniv, Ran},
  year={2005},
  publisher={Cambridge University Press}
}

@book{fiat1998,
  title={Online Algorithms: The State of the Art},
  author={Fiat, Amos},
  year={1998},
  publisher={Springer}
}


@article{borodin1992,
 author = {Borodin, Allan and Linial, Nathan and Saks, Michael E.},
 title = {An Optimal On-line Algorithm for Metrical Task System},
 journal = {J. ACM},
 volume = {39},
 number = {4},
 month = oct,
 year = {1992},
 pages = {745--763},} 


@inproceedings{blum1992,
  title={A decomposition theorem and bounds for randomized server problems},
  author={Blum, Avrim and Karloff, Howard and Rabani, Yuval and Saks, Michael},
  booktitle={Foundations of Computer Science},
  pages={197--207},
  year={1992}
}

@book{cesa-bianchi2006,
 author = {Cesa-Bianchi, Nicolo and Lugosi, Gabor},
 title = {Prediction, Learning, and Games},
 year = {2006},
 publisher = {Cambridge University Press},
 address = {New York, NY, USA},
} 


@inproceedings{duchi2010,
  title={Composite Objective Mirror Descent.},
  author={Duchi, John C and Shalev-Shwartz, Shai and Singer, Yoram and Tewari, Ambuj},
  booktitle={Conference on Learning Theory},
  pages={14--26},
  year={2010}
}


@inproceedings{chen2015,
  title={Online convex optimization using predictions},
  author={Chen, Niangjun and Agarwal, Anish and Wierman, Adam and Barman, Siddharth and Andrew, Lachlan LH},
  booktitle={ACM SIGMETRICS Performance Evaluation Review},
  volume={43},
  number={1},
  pages={191--204},
  year={2015},
  organization={ACM}
}

@article{bubeck2015,
  title={Convex optimization: Algorithms and complexity},
  author={Bubeck, S{\'e}bastien and others},
  journal={Foundations and Trends in Machine Learning},
  volume={8},
  number={3-4},
  pages={231--357},
  year={2015},
  publisher={Now Publishers, Inc.}
}


@article{arora2012,
  title={The Multiplicative Weights Update Method: a Meta-Algorithm and Applications.},
  author={Arora, Sanjeev and Hazan, Elad and Kale, Satyen},
  journal={Theory of Computing},
  volume={8},
  number={1},
  pages={121--164},
  year={2012}
}

@inproceedings{sason2015,
  title={Upper bounds on the relative entropy and R{\'e}nyi divergence as a function of total variation distance for finite alphabets},
  author={Sason, Igal and Verd{\'u}, Sergio},
  booktitle={IEEE Information Theory Workshop},
  pages={214--218},
  year={2015}
}