@article{arora2005learning,
  title={Learning mixtures of separated nonspherical Gaussians},
  author={Arora, Sanjeev and Kannan, Ravi and others},
  journal={The Annals of Applied Probability},
  volume={15},
  number={1A},
  pages={69--92},
  year={2005},
  publisher={Institute of Mathematical Statistics}
}

@book{dasgupta2008hardness,
  title={The hardness of k-means clustering},
  author={Dasgupta, Sanjoy},
  year={2008},
  publisher={Department of Computer Science and Engineering, University of California, San Diego}
}

@article{kalai2012disentangling,
  title={Disentangling gaussians},
  author={Kalai, Adam Tauman and Moitra, Ankur and Valiant, Gregory},
  journal={Communications of the ACM},
  volume={55},
  number={2},
  pages={113--120},
  year={2012},
  publisher={ACM}
}

@article{regev2017learning,
  title={On learning mixtures of well-separated gaussians},
  author={Regev, Oded and Vijayaraghavan, Aravindan},
  journal={arXiv preprint arXiv:1710.11592},
  year={2017}
}

@article{makarychev2015bi,
  title={A bi-criteria approximation algorithm for $ k $ Means},
  author={Makarychev, Konstantin and Makarychev, Yury and Sviridenko, Maxim and Ward, Justin},
  journal={arXiv preprint arXiv:1507.04227},
  year={2015}
}

@misc{moritzblog,
  author = {Moritz Hardt},
  year = {2014},
  title = {Blog post},
  howpublished = {\url{http://blog.mrtz.org/2014/04/22/pearsons-polynomial.html}},
  note = {Published: 2014-04-22}
}


@inproceedings{hazan2016non,
  title={A non-generative framework and convex relaxations for unsupervised learning},
  author={Hazan, Elad and Ma, Tengyu},
  booktitle={Advances in Neural Information Processing Systems},
  pages={3306--3314},
  year={2016}
}

@inproceedings{HKS12,
  title={Near-optimal algorithms for online matrix prediction},
  author={Hazan, Elad and Kale, Satyen and Shalev-Shwartz, Shai},
  booktitle={Conference on Learning Theory},
  pages={38--1},
  year={2012}
}


@Book{boyd.convex,
  author =	 {S. Boyd and L. Vandenberghe},
  ALTeditor = 	 {},
  title = 	 {{Convex Optimization}},
  publisher = 	 {Cambridge University Press},
  year = 	 {2004},
  OPTkey = 	 {},
  OPTvolume = 	 {},
  OPTnumber = 	 {},
  OPTseries = 	 {},
  OPTaddress = 	 {},
  OPTedition = 	 {},
  month =	 {March},
  OPTnote = 	 {},
  OPTannote = 	 {},
  ISBN = 	 {0521833787},
}


@Book{CoverThomasBook,
  author =	 {Thomas Cover and Joy Thomas},
  ALTeditor = 	 {},
  title = 	 {{Elements of Information Theory}},
  publisher = 	 {John Wiley},
  year = 	 {1991},
  OPTkey = 	 {},
  OPTvolume = 	 {},
  OPTnumber = 	 {},
  OPTseries = 	 {},
  OPTaddress = 	 {},
  OPTedition = 	 {},
  OPTnote = 	 {},
  OPTannote = 	 {},
}


@TECHREPORT{RakTewBar07gap,
  author = {Rakhlin, Alexander and Tewari, Ambuj and Bartlett, Peter},
  title = {Closing the Gap between Bandit and Full-Information Online Optimization:
	High-Probability Regret Bound},
  institution = {EECS Department, University of California, Berkeley},
  year = {2007},
  number = {UCB/EECS-2007-109},
  month = {Aug},
  url = {http://www.eecs.berkeley.edu/Pubs/TechRpts/2007/EECS-2007-109.html}
}

@inproceedings{DanHay06robbing,
 author = {Varsha Dani and Thomas P. Hayes},
 title = {Robbing the bandit: less regret in online geometric optimization against an adaptive adversary},
 booktitle = {Proceedings of the seventeenth annual ACM-SIAM symposium on Discrete algorithm (SODA)},
 year = {2006},
 isbn = {0-89871-605-5},
 pages = {937--943},
 location = {Miami, Florida},
 doi = {http://doi.acm.org/10.1145/1109557.1109660},
 publisher = {ACM},
 address = {New York, NY, USA},
 }

@article{AueCesFreSch03nonstochastic,
 author = {Peter Auer and Nicol\`{o} Cesa-Bianchi and Yoav Freund and Robert E. Schapire},
 title = {The Nonstochastic Multiarmed Bandit Problem},
 journal = {SIAM J. Comput.},
 volume = {32},
 number = {1},
 year = {2003},
 issn = {0097-5397},
 pages = {48--77},
 doi = {http://dx.doi.org/10.1137/S0097539701398375},
 publisher = {Society for Industrial and Applied Mathematics},
 address = {Philadelphia, PA, USA},
 }

@inproceedings{FlaKalMcMah05,
 author = {Abraham D. Flaxman and Adam Tauman Kalai and H. Brendan McMahan},
 title = {Online convex optimization in the bandit setting: gradient descent without a gradient},
 booktitle = {Proceedings of the sixteenth annual ACM-SIAM symposium on Discrete algorithms (SODA)},
 year = {2005},
 isbn = {0-89871-585-7},
 pages = {385--394},
 location = {Vancouver, British Columbia},
 publisher = {Society for Industrial and Applied Mathematics},
 address = {Philadelphia, PA, USA},
 }


@article{AweKle08,
 author = {Baruch Awerbuch and Robert Kleinberg},
 title = {Online linear optimization and adaptive routing},
 journal = {J. Comput. Syst. Sci.},
 volume = {74},
 number = {1},
 year = {2008},
 issn = {0022-0000},
 pages = {97--114},
 doi = {http://dx.doi.org/10.1016/j.jcss.2007.04.016},
 publisher = {Academic Press, Inc.},
 address = {Orlando, FL, USA},
 }

@inproceedings{AweKle04,
 author = {Baruch Awerbuch and Robert D. Kleinberg},
 title = {Adaptive routing with end-to-end feedback: distributed learning and geometric approaches},
 booktitle = {STOC '04: Proceedings of the thirty-sixth annual ACM symposium on Theory of computing},
 year = {2004},
 isbn = {1-58113-852-0},
 pages = {45--53},
 location = {Chicago, IL, USA},
 doi = {http://doi.acm.org/10.1145/1007352.1007367},
 publisher = {ACM},
 address = {New York, NY, USA},
 }

@BOOK{CesaBianchiLugosi06book,
  title = {Prediction, Learning, and Games},
  publisher = {Cambridge University Press},
  year = {2006},
  author = {Nicol{\`o} Cesa-Bianchi and G\'abor Lugosi},
  owner = {cusgadmin},
  timestamp = {2006.10.17}
}

@inproceedings{McMahBlum04,
  author    = {H. Brendan McMahan and
               Avrim Blum},
  title     = {Online Geometric Optimization in the Bandit Setting Against
               an Adaptive Adversary},
  booktitle = {COLT},
  year      = {2004},
  pages     = {109-123},
}

@article{FedMerGut02,
  author    = {Meir Feder and
               Neri Merhav and
               Michael Gutman},
  title     = {Correction to 'Universal prediction of individual sequences'
               (Jul 92 1258-1270)},
  journal   = {IEEE Transactions on Information Theory},
  volume    = {40},
  number    = {1},
  year      = {1994},
  pages     = {285},
  bibsource = {DBLP, http://dblp.uni-trier.de}
}

@article{LitWar94,
 author = {Nick Littlestone and Manfred K. Warmuth},
 title = {The weighted majority algorithm},
 journal = {Information and Computation},
 volume = {108},
 number = {2},
 year = {1994},
 issn = {0890-5401},
 pages = {212--261},
 doi = {http://dx.doi.org/10.1006/inco.1994.1009},
 publisher = {Academic Press, Inc.},
 address = {Duluth, MN, USA},
 }


@inproceedings{Zinkevich03,
  author    = {Martin Zinkevich},
  title     = {Online Convex Programming and Generalized Infinitesimal
               Gradient Ascent},
  booktitle = {ICML},
  year      = {2003},
  pages     = {928-936},
  crossref  = {DBLP:conf/icml/2003},
  bibsource = {DBLP, http://dblp.uni-trier.de}
}
@proceedings{DBLP:conf/icml/2003,
  editor    = {Tom Fawcett and
               Nina Mishra},
  title     = {Machine Learning, Proceedings of the Twentieth International
               Conference (ICML 2003), August 21-24, 2003, Washington,
               DC, USA},
  publisher = {AAAI Press},
  year      = {2003},
  isbn      = {1-57735-189-4},
  bibsource = {DBLP, http://dblp.uni-trier.de}
}


@article{Robbins52,
	author = {Herbert Robbins},
	title = {Some aspects of the sequential design of experiments},
	journal = { Bull. Amer. Math. Soc.},
	volume = {58},
	number = {5},
	year = {1952},
	pages = {527-535}
}

@article{LaiRobbins85,
	author = {T. L. Lai and Herbert Robbins},
	title = {Asymptotically efficient adaptive allocation rules},
	journal = {Advances in Applied Mathematics},
	volume = {6},
	issue = {1},
	date = {March 1985},
	pages = {4-22}
	}

@book{BenTalNemirovskii01book,
    AUTHOR  =  {A. Ben-Tal and A. Nemirovski},
    TITLE   =  {Lectures on Modern Convex Optimization:
    Analysis, Algorithms, and Engineering Applications},
    PUBLISHER= {SIAM},
    SERIES  =  {MPS/SIAM Series on Optimization},
    VOLUME  =  2,
    YEAR    =  2001,
    ADDRESS =  {Philadelphia}  }

@book{NesterovNemirovskii94siam,
	author = {Y. E. Nesterov and A. S. Nemirovskii},
	title={Interior Point Polynomial Algorithms in Convex Programming},
	publisher = {SIAM},
	address = {Philadelphia},
	year = {1994}
	}
	
@misc{Nemirovski04lectures,
	author = {A.S. Nemirovskii},
	title = {INTERIOR POINT POLYNOMIAL TIME METHODS IN CONVEX PROGRAMMING},
	note = {Lecture Notes},
	year = {2004},
	}


	@article{Robbins52,
		author = {Herbert Robbins},
		title = {Some aspects of the sequential design of experiments},
		journal = { Bull. Amer. Math. Soc.},
		volume = {58},
		number = {5},
		year = {1952},
		pages = {527-535}
	}

@article{TW,
 author = {Eiji Takimoto and Manfred K. Warmuth},
 title = {Path kernels and multiplicative updates},
 journal = {J. Mach. Learn. Res.},
 volume = {4},
 year = {2003},
 issn = {1533-7928},
 pages = {773--818},
 publisher = {MIT Press},
 address = {Cambridge, MA, USA},
 }

@article{KV-FTL,
 author = {Adam Kalai and Santosh Vempala},
 title = {Efficient Algorithms for Online Decision Problems},
 journal = {Journal of Computer and System Sciences},
 volume = {71(3)},
 year = {2005},
 pages = {291--307},
 }

@article{SatishLN,
 author = {Satish Rao},
 title = {Lecure Notes: CS 270, Graduate Algorithms},
 year = {2006},
 }

@article{KalVem05,
  author    = {Adam Tauman Kalai and
               Santosh Vempala},
  title     = {Efficient algorithms for online decision problems},
  journal   = {J. Comput. Syst. Sci.},
  volume    = {71},
  number    = {3},
  year      = {2005},
  pages     = {291-307},
}

@article{Hannan57,
 author = {James Hannan},
 title = {Approximation to Bayes risk in repeated play},
 journal = {In M. Dresher, A. W. Tucker, and P. Wolfe, editors, Contributions to the Theory of Games, volume III},
 year = {1957},
 pages = {97--139},
 publisher = {Princeton University Press},
 }

@article{KivWar97,
  author    = {Jyrki Kivinen and
               Manfred K. Warmuth},
  title     = {Exponentiated Gradient Versus Gradient Descent for Linear
               Predictors},
  journal   = {Inf. Comput.},
  volume    = {132},
  number    = {1},
  year      = {1997},
  pages     = {1-63},
}


@TECHREPORT{RakTewBar07gap,
  author = {A. Rakhlin and A. Tewari and P. Bartlett},
  title = {Closing the Gap between Bandit and Full-Information Online Optimization:
	High-Probability Regret Bound},
  institution = {EECS Department, University of California, Berkeley},
  year = {2007},
  number = {UCB/EECS-2007-109},
  month = {Aug},
  url = {http://www.eecs.berkeley.edu/Pubs/TechRpts/2007/EECS-2007-109.html}
}

	
@article{HelKivWar99,
       Author = {D. P. Helmbold and J. Kivinen and M. K. Warmuth},
       Journal = {IEEE Transactions on Neural Networks},
       Month = nov,
       Number = 6,
       Pages = {1291--1304},
       Title = {Relative Loss Bounds for Single Neurons},
       Volume = 10,
       Year = {1999}}



@article{GroveLS01,
  author    = {A~.J.\ Grove and
               N.~Littlestone and
               D.~Schuurmans},
  title     = {General Convergence Results for Linear Discriminant Updates},
  journal   = {Machine Learning},
  volume    = {43},
  number    = {3},
  year      = {2001},
  pages     = {173-210},
  bibsource = {DBLP, http://dblp.uni-trier.de}
}


@article{KivinenW01,
  author    = {Jyrki Kivinen and
               Manfred K. Warmuth},
  title     = {Relative Loss Bounds for Multidimensional Regression Problems},
  journal   = {Machine Learning},
  volume    = {45},
  number    = {3},
  year      = {2001},
  pages     = {301-329},
  bibsource = {DBLP, http://dblp.uni-trier.de}
}

@INPROCEEDINGS{WarmuthLittlestone89,
   author   = {N.~Littlestone and M.~K.\ Warmuth},
   title    =  {The weighted majority algorithm},
   booktitle = {Proceedings of the 30th Annual Symposium on the Foundations of Computer Science},
   YEAR      =  1989,
   pages     = {256-261},
   crossref  = {DBLP:conf/focs/FOCS30},
   bibsource = {DBLP, http://dblp.uni-trier.de}
}

@inproceedings{HAK07,
  author    = {Elad Hazan and
               Amit Agarwal and
               Satyen Kale},
  title     = {Logarithmic Regret Algorithms for Online Convex Optimization.},
  booktitle = {Machine Learning},
  year      = {2007},
  volume    = {69(2-3)},
  pages     = {169-192},
}

@inproceedings{AH-bandits,
  author    = {Elad Hazan and
               Satyen Kale},
  title     = {Better Algorithms for Benign Bandits},
  booktitle = {ACM-SIAM Symposium on Discrete Algorithms (SODA).},
  year      = {2009}
}







@inproceedings{AbernethyHR08,
  author    = {Jacob Abernethy and
               Elad Hazan and
               Alexander Rakhlin},
  title     = {Competing in the Dark: An Efficient Algorithm for Bandit
               Linear Optimization},
  booktitle = {COLT},
  year      = {2008},
  pages     = {263-274},
  ee        = {http://colt2008.cs.helsinki.fi/papers/127-Abernethy.pdf},
  crossref  = {DBLP:conf/colt/2008},
  bibsource = {DBLP, http://dblp.uni-trier.de}
}

@inproceedings{HazanKKA06,
  author    = {Elad Hazan and
               Adam Kalai and
               Satyen Kale and
               Amit Agarwal},
  title     = {Logarithmic Regret Algorithms for Online Convex Optimization},
  booktitle = {COLT},
  year      = {2006},
  pages     = {499-513},
  ee        = {http://dx.doi.org/10.1007/11776420_37},
  crossref  = {DBLP:conf/colt/2006},
  bibsource = {DBLP, http://dblp.uni-trier.de}
}

@proceedings{DBLP:conf/colt/2006,
  editor    = {G{\'a}bor Lugosi and
               Hans-Ulrich Simon},
  title     = {Learning Theory, 19th Annual Conference on Learning Theory,
               COLT 2006, Pittsburgh, PA, USA, June 22-25, 2006, Proceedings},
  booktitle = {COLT},
  publisher = {Springer},
  series    = {Lecture Notes in Computer Science},
  volume    = {4005},
  year      = {2006},
  isbn      = {3-540-35294-5},
  bibsource = {DBLP, http://dblp.uni-trier.de}
}

@article{ShwartzS07,
  author    = {Shai Shalev-Shwartz and
               Yoram Singer},
  title     = {A primal-dual perspective of online learning algorithms},
  journal   = {Machine Learning},
  volume    = {69},
  number    = {2-3},
  year      = {2007},
  pages     = {115-142},
  ee        = {http://dx.doi.org/10.1007/s10994-007-5014-x},
  bibsource = {DBLP, http://dblp.uni-trier.de}
}


@incollection{DanHayKak07price,
 title = {The Price of Bandit Information for Online Optimization},
 author = {Varsha Dani and Thomas Hayes and Sham Kakade},
 booktitle = {Advances in Neural Information Processing Systems 20},
 editor = {J.C. Platt and D. Koller and Y. Singer and S. Roweis},
 publisher = {MIT Press},
 address = {Cambridge, MA},
 pages = {},
 year = {2008}
}

@article{DBLP:journals/jcss/AwerbuchK08,
  author    = {Baruch Awerbuch and
               Robert Kleinberg},
  title     = {Online linear optimization and adaptive routing},
  journal   = {J. Comput. Syst. Sci.},
  volume    = {74},
  number    = {1},
  year      = {2008},
  pages     = {97-114},
  ee        = {http://dx.doi.org/10.1016/j.jcss.2007.04.016},
  bibsource = {DBLP, http://dblp.uni-trier.de}
}


@article{DBLP:journals/jmlr/TakimotoW03,
  author    = {Eiji Takimoto and
               Manfred K. Warmuth},
  title     = {Path Kernels and Multiplicative Updates},
  journal   = {Journal of Machine Learning Research},
  volume    = {4},
  year      = {2003},
  pages     = {773-818},
  ee        = {http://www.jmlr.org/papers/v4/takimoto03a.html},
  bibsource = {DBLP, http://dblp.uni-trier.de}
}



 @Article{cover,
 author = {Thomas Cover},
 title = {Universal portfolios},
 volume = {1},
 journal  = {Math. Finance},
 year = {1991},
 pages = {1--19}
}


@article{DBLP:journals/ml/HazanAK07,
  author    = {Elad Hazan and
               Amit Agarwal and
               Satyen Kale},
  title     = {Logarithmic regret algorithms for online convex optimization},
  journal   = {Machine Learning},
  volume    = {69},
  number    = {2-3},
  year      = {2007},
  pages     = {169-192},
  ee        = {http://dx.doi.org/10.1007/s10994-007-5016-8},
  bibsource = {DBLP, http://dblp.uni-trier.de}
}


@inproceedings{DBLP:conf/soda/FlaxmanKM05,
  author    = {Abraham Flaxman and
               Adam Tauman Kalai and
               H. Brendan McMahan},
  title     = {Online convex optimization in the bandit setting: gradient
               descent without a gradient},
  booktitle = {ACM-SIAM Symposium on Discrete Algorithms (SODA).},
  year      = {2005},
  pages     = {385-394},
  ee        = {http://doi.acm.org/10.1145/1070432.1070486},
  crossref  = {DBLP:conf/soda/2005},
  bibsource = {DBLP, http://dblp.uni-trier.de}
}
@proceedings{DBLP:conf/soda/2005,
  title     = {Proceedings of the Sixteenth Annual ACM-SIAM Symposium on
               Discrete Algorithms, SODA 2005, Vancouver, British Columbia,
               Canada, January 23-25, 2005},
  booktitle = {ACM-SIAM Symposium on Discrete Algorithms (SODA).},
  publisher = {SIAM},
  year      = {2005},
  isbn      = {0-89871-585-7},
  bibsource = {DBLP, http://dblp.uni-trier.de}
}

@inproceedings{DBLP:conf/soda/DaniH06,
  author    = {Varsha Dani and
               Thomas P. Hayes},
  title     = {Robbing the bandit: less regret in online geometric optimization
               against an adaptive adversary},
  booktitle = {ACM-SIAM Symposium on Discrete Algorithms (SODA).},
  year      = {2006},
  pages     = {937-943},
  ee        = {http://doi.acm.org/10.1145/1109557.1109660},
  crossref  = {DBLP:conf/soda/2006},
  bibsource = {DBLP, http://dblp.uni-trier.de}
}
@proceedings{DBLP:conf/soda/2006,
  title     = {Proceedings of the Seventeenth Annual ACM-SIAM Symposium
               on Discrete Algorithms, SODA 2006, Miami, Florida, USA,
               January 22-26, 2006},
  booktitle = {ACM-SIAM Symposium on Discrete Algorithms (SODA).},
  publisher = {ACM Press},
  year      = {2006},
  isbn      = {0-89871-605-5},
  bibsource = {DBLP, http://dblp.uni-trier.de}
}

@inproceedings{DBLP:conf/nips/DaniHK07,
  author    = {Varsha Dani and
               Thomas P. Hayes and
               Sham Kakade},
  title     = {The Price of Bandit Information for Online Optimization},
  booktitle = {Advances in Neural Information Processing Systems (NIPS) },
  year      = {2007},
  ee        = {http://books.nips.cc/papers/files/nips20/NIPS2007_0758.pdf},
  crossref  = {DBLP:conf/nips/2007},
  bibsource = {DBLP, http://dblp.uni-trier.de}
}

@inproceedings{DBLP:conf/colt/BartlettDHKRT08,
  author    = {Peter L. Bartlett and
               Varsha Dani and
               Thomas P. Hayes and
               Sham Kakade and
               Alexander Rakhlin and
               Ambuj Tewari},
  title     = {High-Probability Regret Bounds for Bandit Online Linear
               Optimization},
  booktitle = {The 21st Annual Conference on Learning Theory (COLT 2008)},
  pages     = {335-342}
}


@proceedings{DBLP:conf/colt/2008,
  editor    = {Rocco A. Servedio and
               Tong Zhang},
  title     = {21st Annual Conference on Learning Theory - COLT 2008, Helsinki,
               Finland, July 9-12, 2008},
  booktitle = {COLT},
  publisher = {Omnipress},
  year      = {2008},
  bibsource = {DBLP, http://dblp.uni-trier.de}
}

@proceedings{DBLP:conf/nips/2007,
  editor    = {John C. Platt and
               Daphne Koller and
               Yoram Singer and
               Sam T. Roweis},
  title     = {Advances in Neural Information Processing Systems 20, Proceedings
               of the Twenty-First Annual Conference on Neural Information
               Processing Systems, Vancouver, British Columbia, Canada,
               December 3-6, 2007},
  booktitle = { Advances in Neural Information Processing Systems (NIPS) },
  publisher = {MIT Press},
  year      = {2008},
  bibsource = {DBLP, http://dblp.uni-trier.de}
}



@inproceedings{AbernethyR09,
  author    = {Jacob Abernethy and
               Alexander Rakhlin},
  title     = {Beating the Adaptive Bandit with High Probability},
  booktitle = {The 22nd Annual Conference on Learning Theory (COLT 2009)},
  year      = {2009},
}

@article{DBLP:journals/ml/Cesa-BianchiMS07,
  author    = {Nicol{\`o} Cesa-Bianchi and
               Yishay Mansour and
               Gilles Stoltz},
  title     = {Improved second-order bounds for prediction with expert
               advice},
  journal   = {Machine Learning},
  volume    = {66},
  number    = {2-3},
  year      = {2007},
  pages     = {321-352},
  ee        = {http://dx.doi.org/10.1007/s10994-006-5001-7},
  bibsource = {DBLP, http://dblp.uni-trier.de}
}



@article{HazanK10,
  author    = {Elad Hazan and
               Satyen Kale},
  title     = {Extracting certainty from uncertainty: regret bounded by
               variation in costs},
  journal   = {Machine Learning},
  volume    = {80},
  number    = {2-3},
  year      = {2010},
  pages     = {165-188},
  ee        = {http://dx.doi.org/10.1007/s10994-010-5175-x},
  bibsource = {DBLP, http://dblp.uni-trier.de}
}


@inproceedings{DBLP:conf/soda/HazanK09,
  author    = {Elad Hazan and
               Satyen Kale},
  title     = {Better algorithms for benign bandits},
  booktitle = {ACM-SIAM Symposium on Discrete Algorithms (SODA).},
  year      = {2009},
  pages     = {38-47},
  ee        = {http://doi.acm.org/10.1145/1496770.1496775},
  crossref  = {DBLP:conf/soda/2009},
  bibsource = {DBLP, http://dblp.uni-trier.de}
}
@proceedings{DBLP:conf/soda/2009,
  editor    = {Claire Mathieu},
  title     = {Proceedings of the Twentieth Annual ACM-SIAM Symposium on
               Discrete Algorithms, SODA 2009, New York, NY, USA, January
               4-6, 2009},
  booktitle = {ACM-SIAM Symposium on Discrete Algorithms (SODA).},
  publisher = {SIAM},
  year      = {2009},
  bibsource = {DBLP, http://dblp.uni-trier.de}
}


@inproceedings{HazanKNips09,
  author    = {Elad Hazan and
               Satyen Kale},
  title     = {On Stochastic and Worst-case Models for Investing},
  booktitle = { Advances in Neural Information Processing Systems (NIPS) 22},
  year      = {2009},
}
