@article{absil2004riemannian,
    AUTHOR = {Absil, P.-A. and Mahony, R. and Sepulchre, R.},
   FAUTHOR = {Absil, P.-A. and Mahony, R. and Sepulchre, R.},
     TITLE = {Riemannian geometry of {G}rassmann manifolds with a view on
              algorithmic computation},
   JOURNAL = {Acta Appl. Math.},
  FJOURNAL = {Acta Applicandae Mathematicae. An International Survey Journal
              on Applying Mathematics and Mathematical Applications},
    VOLUME = {80},
      YEAR = {2004},
    NUMBER = {2},
     PAGES = {199--220},
      ISSN = {0167-8019},
     CODEN = {AAMADV},
   MRCLASS = {53C30 (53C05 65J05)},
}

@ARTICLE{absil2007trust,
  author = "Absil, P.-A. and Baker, C. G. and Gallivan, K. A.",
  title= "Trust-region methods on {Riemannian} manifolds",
  month = "July",
  year = 2007,
  journal = "Found. Comput. Math.",
  fjournal = "Foundations of Computational Mathematics",
  volume = 7,
  number = 3,
  pages = "303--330",
  doi = "10.1007/s10208-005-0179-9",
}

@ARTICLE{absil2009accelerated,
  author = "P.-A. Absil and K. A. Gallivan",
  title = "Accelerated line-search and trust-region methods",
  journal = "SIAM J. Numer. Anal.",
  fjournal = "SIAM Journal on Numerical Analysis",
  volume = 47,
  number = 2,
  year = 2009,
  pages = "997--1018",
}

@ARTICLE{absil2009geometric,
  author = "P.-A. Absil and M. Ishteva and L. De Lathauwer and S. Van Huffel",
  title = "A geometric {Newton} method for {Oja}'s vector field",
  journal = "Neural Comput.",
  fjournal = "Neural Computation",
  year = 2009,
  month = "May",
  volume = 21,
  number = 5,
  pages = "1415--1433",
}

@book{absil2009optimization,
	Author = {Absil, P-A and Mahony, Robert and Sepulchre, Rodolphe},
	Publisher = {Princeton University Press},
	Title = {Optimization algorithms on matrix manifolds},
	Year = {2009}}


@ARTICLE{absil2014newton,
author = "P.-A. Absil and Luca Amodei and Gilles Meyer",
title = "Two {Newton} methods on the manifold of fixed-rank matrices endowed with Riemannian quotient geometries",
journal = "Computational Statistics",
pages = "569-590",
year = 2014,
volume = 29,
number = "3-4",
doi = "10.1007/s00180-013-0441-6",
}


@ARTICLE{absil2014retraction,
     author = "P.-A. Absil and I. V. Oseledets",
     title = "Low-rank retractions: a survey and new results",
     journal = "Computational Optimization and Applications",
     year = 2014,
     note = "accepted for publication",
     url = "http://sites.uclouvain.be/absil/2013.04",
    }

@article{adler2002newton,
  title={Newton's method on Riemannian manifolds and a geometric model for the human spine},
  author={Adler, Roy L and Dedieu, Jean-Pierre and Margulies, Joseph Y and Martens, Marco and Shub, Mike},
  journal={IMA Journal of Numerical Analysis},
  volume={22},
  number={3},
  pages={359--390},
  year={2002},
  publisher={Oxford University Press}
}

@inproceedings{agarwal2015lower,
  title={A Lower Bound for the Optimization of Finite Sums},
  author={Agarwal, Alekh and Bottou, Leon},
  booktitle={Proceedings of the 32nd International Conference on Machine Learning (ICML-15)},
  pages={78--86},
  year={2015}
}

@inproceedings{alavi2013multi,
  title={Multi-shot person re-identification via relational stein divergence},
  author={Alavi, Azadeh and Yang, Yan and Harandi, Mehrtash and Sanderson, Conrad},
  booktitle={Image Processing (ICIP), 2013 20th IEEE International Conference on},
  pages={3542--3546},
  year={2013},
  organization={IEEE}
}

@article{allen2014linear,
	title={Linear coupling: An ultimate unification of gradient and mirror descent},
	author={Allen-Zhu, Zeyuan and Orecchia, Lorenzo},
	journal={arXiv:1407.1537},
	year={2014}
}

@article{allen2016variance,
  title={Variance Reduction for Faster Non-Convex Optimization},
  author={Allen-Zhu, Zeyuan and Hazan, Elad},
  journal={arXiv:1603.05643},
  year={2016}
}


@book{amari1985differential,
  title={Differential geometrical methods in statistics},
  author={Amari, Shun-Ichi},
  year={1985},
  publisher={Springer Science \& Business Media}
}

@article{amari1998natural,
  title={Natural gradient works efficiently in learning},
  author={Amari, Shun-Ichi},
  journal={Neural computation},
  volume={10},
  number={2},
  pages={251--276},
  year={1998},
  publisher={MIT Press}
}

@book{ambartzumian1990factorization,
  title={Factorization calculus and geometric probability},
  author={Ambartzumian, Ruben V},
  volume={33},
  year={1990},
  publisher={Cambridge University Press}
}

@article{ambrosio2014metric,
  title={Metric measure spaces with {R}iemannian {R}icci curvature bounded from below},
  author={Ambrosio, Luigi and Gigli, Nicola and Savar{\'e}, Giuseppe and others},
  journal={Duke Mathematical Journal},
  volume={163},
  number={7},
  pages={1405--1490},
  year={2014},
  publisher={Duke University Press}
}

@book{antoulas2005approximation,
  title={Approximation of large-scale dynamical systems},
  author={Antoulas, Athanasios C},
  volume={6},
  year={2005},
  publisher={Siam}
}

@article{arias1992ab,
  title={Ab initio molecular dynamics: Analytically continued energy functionals and insights into iterative solutions},
  author={Arias, Tom{\'a}s A and Payne, MC and Joannopoulos, JD},
  journal={Physical Review Letters},
  volume={69},
  number={7},
  pages={1077},
  year={1992},
  publisher={APS}
}

@article{arjevani2015lower,
	title={On lower and upper bounds for smooth and strongly convex optimization problems},
	author={Arjevani, Yossi and Shalev-Shwartz, Shai and Shamir, Ohad},
	journal={arXiv:1503.06833},
	year={2015}
}

@article{arnaudon2013riemannian,
  title={Riemannian medians and means with applications to radar signal processing},
  author={Arnaudon, Marc and Barbaresco, Fr{\'e}d{\'e}ric and Yang, Le},
  journal={Selected Topics in Signal Processing, IEEE Journal of},
  volume={7},
  number={4},
  pages={595--604},
  year={2013},
  publisher={IEEE}
}

@article{asta2014geometric,
  title={Geometric Network Comparison},
  author={Asta, Dena and Shalizi, Cosma Rohilla},
  journal={arXiv:1411.1350},
  year={2014}
}

@article{asta2014kernel,
  title={Kernel Density Estimation on Symmetric Spaces},
  author={Asta, Dena Marie},
  journal={arXiv:1411.4040},
  year={2014}
}

@article{aste2005complex,
  title={Complex networks on hyperbolic surfaces},
  author={Aste, T and Di Matteo, T and Hyde, ST},
  journal={Physica A: Statistical Mechanics and its Applications},
  volume={346},
  number={1},
  pages={20--26},
  year={2005},
  publisher={Elsevier}
}

@article{avants2004geodesic,
  title={Geodesic estimation for large deformation anatomical shape averaging and interpolation},
  author={Avants, Brian and Gee, James C},
  journal={NeuroImage},
  volume={23},
  pages={S139--S150},
  year={2004},
  publisher={Elsevier}
}

@inproceedings{awerbuch2004adaptive,
  title={Adaptive routing with end-to-end feedback: Distributed learning and geometric approaches},
  author={Awerbuch, Baruch and Kleinberg, Robert D},
  booktitle={Proceedings of the thirty-sixth annual ACM symposium on Theory of computing},
  pages={45--53},
  year={2004},
  organization={ACM}
}

@article{bacak2014computing,
  title={Computing medians and means in Hadamard spaces},
  author={Bacak, Miroslav},
  journal={SIAM Journal on Optimization},
  volume={24},
  number={3},
  pages={1542--1566},
  year={2014},
  publisher={SIAM}
}

@book{bacak2014convex,
  title={Convex analysis and optimization in Hadamard spaces},
  author={Bac{\'a}k, Miroslav},
  volume={22},
  year={2014},
  publisher={Walter de Gruyter GmbH \& Co KG}
}

@inproceedings{bach2013non,
  title={Non-strongly-convex smooth stochastic approximation with convergence rate O (1/n)},
  author={Bach, Francis and Moulines, Eric},
  booktitle={Advances in Neural Information Processing Systems},
  pages={773--781},
  year={2013}
}


@ARTICLE{baker2008implicit,
  author = "C. G. Baker and P.-A. Absil and K. A. Gallivan",
  title = "An implicit trust-region method on {Riemannian} manifolds",
  journal = "IMA J. Numer. Anal.",
  fjournal = "IMA Journal of Numerical Analysis",
  year = 2008,
  volume = 28,
  number = 4,
  pages = "665--689",
  doi = "doi:10.1093/imanum/drn029",
}

@article{banerjee2008model,
  title={Model selection through sparse maximum likelihood estimation for multivariate gaussian or binary data},
  author={Banerjee, Onureena and El Ghaoui, Laurent and d'Aspremont, Alexandre},
  journal={The Journal of Machine Learning Research},
  volume={9},
  pages={485--516},
  year={2008},
  publisher={JMLR. org}
}

@article{barachant2012multiclass,
  title={Multiclass brain--computer interface classification by Riemannian geometry},
  author={Barachant, Alexandre and Bonnet, St{\'e}phane and Congedo, Marco and Jutten, Christian},
  journal={Biomedical Engineering, IEEE Transactions on},
  volume={59},
  number={4},
  pages={920--928},
  year={2012},
  publisher={IEEE}
}

@inproceedings{barbaresco2008innovative,
  title={Innovative tools for radar signal processing Based on Cartan’s geometry of SPD matrices \& Information Geometry},
  author={Barbaresco, F},
  booktitle={Radar Conference, 2008. RADAR'08. IEEE},
  pages={1--6},
  year={2008},
  organization={IEEE}
}

@article{basrak2010limit,
  title={Limit theorems for the inductive mean on metric trees},
  author={Basrak, Bojan and others},
  journal={Journal of applied probability},
  volume={47},
  number={4},
  pages={1136--1149},
  year={2010},
  publisher={Applied Probability Trust}
}

@article{basser1994mr,
  title={MR diffusion tensor spectroscopy and imaging.},
  author={Basser, Peter J and Mattiello, James and LeBihan, Denis},
  journal={Biophysical journal},
  volume={66},
  number={1},
  pages={259},
  year={1994},
  publisher={The Biophysical Society}
}

@article{beck2003mirror,
	title = "Mirror descent and nonlinear projected subgradient methods for convex optimization ",
	journal = "Operations Research Letters",
	volume = "31",
	number = "3",
	pages = "167 - 175",
	year = "2003",
	author = "Amir Beck and Marc Teboulle",
}

@article{beck2009fast,
  title={A fast iterative shrinkage-thresholding algorithm for linear inverse problems},
  author={Beck, Amir and Teboulle, Marc},
  journal={SIAM journal on imaging sciences},
  volume={2},
  number={1},
  pages={183--202},
  year={2009},
  publisher={SIAM}
}

@article{belkin2006manifold,
  title={Manifold regularization: A geometric framework for learning from labeled and unlabeled examples},
  author={Belkin, Mikhail and Niyogi, Partha and Sindhwani, Vikas},
  journal={The Journal of Machine Learning Research},
  volume={7},
  pages={2399--2434},
  year={2006},
  publisher={JMLR. org}
}

@article{bell1997independent,
  title={The “independent components” of natural scenes are edge filters},
  author={Bell, Anthony J and Sejnowski, Terrence J},
  journal={Vision research},
  volume={37},
  number={23},
  pages={3327--3338},
  year={1997},
  publisher={Elsevier}
}

@article{bento2012subgradient,
  title={Subgradient method for convex feasibility on Riemannian manifolds},
  author={Bento, Glaydston C and Melo, Jefferson G},
  journal={Journal of Optimization Theory and Applications},
  volume={152},
  number={3},
  pages={773--785},
  year={2012},
  publisher={Springer}
}




@book{bertsekas1989parallel,
  title={Parallel and distributed computation: numerical methods},
  author={Bertsekas, Dimitri P and Tsitsiklis, John N},
  year={1989},
  publisher={Prentice-Hall, Inc.}
}

@Book{bhatia07,
  title =        {{Positive Definite Matrices}},
  publisher =    {Princeton University Press},
  year =         2007,
  author =       {R. Bhatia}
}

@article{bhatia2006riemannian,
  title={Riemannian geometry and matrix geometric means},
  author={Bhatia, Rajendra and Holbrook, John},
  journal={Linear Algebra and its applications},
  volume={413},
  number={2},
  pages={594--618},
  year={2006},
  publisher={Elsevier}
}

@article{bhattacharya2003large,
  title={Large sample theory of intrinsic and extrinsic sample means on manifolds. I},
  author={Bhattacharya, Rabi and Patrangenaru, Vic},
  journal={Annals of statistics},
  pages={1--29},
  year={2003},
  publisher={JSTOR}
}


@article{billera2001geometry,
  title={Geometry of the space of phylogenetic trees},
  author={Billera, Louis J and Holmes, Susan P and Vogtmann, Karen},
  journal={Advances in Applied Mathematics},
  volume={27},
  number={4},
  pages={733--767},
  year={2001},
  publisher={Elsevier}
}

@article{bini2013computing,
  title={Computing the {K}archer mean of symmetric positive definite matrices},
  author={Bini, Dario A and Iannazzo, Bruno},
  journal={Linear Algebra and its Applications},
  volume={438},
  number={4},
  pages={1700--1710},
  year={2013},
  publisher={Elsevier}
}

@article{bini2014geometric,
  title={Geometric means of structured matrices},
  author={Bini, Dario A and Iannazzo, Bruno and Jeuris, Ben and Vandebril, Raf},
  journal={BIT Numerical Mathematics},
  volume={54},
  number={1},
  pages={55--83},
  year={2014},
  publisher={Springer}
}

@article{bishop1969manifolds,
  title={Manifolds of negative curvature},
  author={Bishop, Richard L and O'Neill, Barrett},
  journal={Transactions of the American Mathematical Society},
  volume={145},
  pages={1--49},
  year={1969},
  publisher={JSTOR}
}

@book{bishop2006pattern,
  title={Pattern recognition and machine learning},
  author={Bishop, Christopher M},
  year={2006},
  publisher={springer}
}

@article{bonnabel2013rank,
  title={Rank-preserving geometric means of positive semi-definite matrices},
  author={Bonnabel, Silvere and Collard, Anne and Sepulchre, Rodolphe},
  journal={Linear Algebra and its Applications},
  volume={438},
  number={8},
  pages={3202--3216},
  year={2013},
  publisher={Elsevier}
}

@article{bonnabel2013stochastic,
  title={Stochastic gradient descent on {R}iemannian manifolds},
  author={Bonnabel, Silvere},
  journal={Automatic Control, IEEE Transactions on},
  volume={58},
  number={9},
  pages={2217--2229},
  year={2013},
  publisher={IEEE}
}

@ARTICLE{borckmans2013riemannian,
author = "Pierre B. Borckmans and S. Easter Selvan and Nicolas Boumal and P.-A. Absil",
title = "A {Riemannian} Subgradient Algorithm for Economic Dispatch with Valve-Point Effect",
fjournal = "Journal of Computational and Applied Mathematics",
journal = "J. Comput. Applied. Math.",
year = 2013,
volume = 255,
pages = "848--866",
doi = "10.1016/j.cam.2013.07.002",
}

@incollection{bottou2012stochastic,
  title={Stochastic gradient descent tricks},
  author={Bottou, L{\'e}on},
  booktitle={Neural Networks: Tricks of the Trade},
  pages={421--436},
  year={2012},
  publisher={Springer}
}

@inproceedings{boumal2011rtrmc,
  title={RTRMC: A Riemannian trust-region method for low-rank matrix completion},
  author={Boumal, Nicolas and Absil, Pierre-Antoine},
  booktitle={Advances in neural information processing systems},
  pages={406--414},
  year={2011}
}


@article{boumal2014manopt,
  title={Manopt, a Matlab toolbox for optimization on manifolds},
  author={Boumal, Nicolas and Mishra, Bamdev and Absil, P-A and Sepulchre, Rodolphe},
  journal={The Journal of Machine Learning Research},
  volume={15},
  number={1},
  pages={1455--1459},
  year={2014},
  publisher={JMLR.org}
}

@phdthesis{boumal2014thesis,
    author = {Boumal, N.},
    title = {Optimization and estimation on manifolds},
    school = {Universit\'e catholique de Louvain},
    year = {2014},
    month = {feb}
}

@article{boumal2015low,
  title={Low-rank matrix completion via preconditioned optimization on the Grassmann manifold},
  author={Boumal, Nicolas and Absil, P-A},
  journal={Linear Algebra and its Applications},
  volume={475},
  pages={200--239},
  year={2015},
  publisher={Elsevier}
}

@Article{boumal2015rtrmcextended,
  Title                    = {Low-rank matrix completion via preconditioned optimization on the {G}rassmann manifold},
  Author                   = {Boumal, N. and Absil, P.-A.},
  Journal                  = {Linear Algebra and its Applications},
  Year                     = {2015},
  Pages                    = {200--239},
  Volume                   = {475},

  Doi                      = {10.1016/j.laa.2015.02.027},
  Url                      = {http://www.sciencedirect.com/science/article/pii/S0024379515001342}
}

@article{boumal2016global,
	title={Global rates of convergence for nonconvex optimization on manifolds},
	author={Boumal, Nicolas and Absil, P-A and Cartis, Coralia},
	journal={arXiv:1605.08101},
	year={2016}
}

@book{boyd2004convex,
  title={Convex optimization},
  author={Boyd, Stephen and Vandenberghe, Lieven},
  year={2004},
  publisher={Cambridge university press}
}

@article{boyd2007tutorial,
  title={A tutorial on geometric programming},
  author={Boyd, Stephen and Kim, Seung-Jean and Vandenberghe, Lieven and Hassibi, Arash},
  journal={Optimization and engineering},
  volume={8},
  number={1},
  pages={67--127},
  year={2007},
  publisher={Springer}
}


@book{bridson1999metric,
  title={Metric spaces of non-positive curvature},
  author={Bridson, Martin R and Haefliger, Andr{\'e}},
  volume={319},
  year={1999},
  publisher={Springer}
}

@article{browne2014orthogonal,
  title={Orthogonal Stiefel manifold optimization for eigen-decomposed covariance parameter estimation in mixture models},
  author={Browne, Ryan P and McNicholas, Paul D},
  journal={Statistics and Computing},
  volume={24},
  number={2},
  pages={203--210},
  year={2014},
  publisher={Springer}
}

@article{bubeck2014theory,
  title={Theory of convex optimization for machine learning},
  author={Bubeck, S{\'e}bastien},
  journal={arXiv:1405.4980},
  year={2014}
}

@article{bubeck2015geometric,
	title={A geometric alternative to {N}esterov's accelerated gradient descent},
	author={Bubeck, S{\'e}bastien and Lee, Yin Tat and Singh, Mohit},
	journal={arXiv:1506.08187},
	year={2015}
}

@article{burago1992ad,
  title={{A.D. Alexandrov spaces with curvature bounded below}},
  author={Burago, Yu and Gromov, Mikhail and Perel'man, Gregory},
  journal={Russian mathematical surveys},
  volume={47},
  number={2},
  pages={1},
  year={1992},
  publisher={IOP Publishing}
}


@book{burago2001course,
  title={A course in metric geometry},
  author={Burago, Dmitri and Burago, Yuri and Ivanov, Sergei},
  volume={33},
  year={2001},
  publisher={American Mathematical Society Providence}
}


@article{cambier2015robust,
  title={Robust low-rank matrix completion via Riemannian optimization},
  author={Cambier, L{\'e}opold and Absil, P-A},
  year={2015}
}

@article{candes2009exact,
  title={Exact matrix completion via convex optimization},
  author={Cand{\`e}s, Emmanuel J and Recht, Benjamin},
  journal={Foundations of Computational mathematics},
  volume={9},
  number={6},
  pages={717--772},
  year={2009},
  publisher={Springer}
}

@article{carli2013convex,
  title={Convex Clustering via Optimal Mass Transport},
  author={Carli, Francesca P and Ning, Lipeng and Georgiou, Tryphon T},
  journal={arXiv:1307.5459},
  year={2013}
}

@article{caselles1997geodesic,
  title={Geodesic active contours},
  author={Caselles, Vicent and Kimmel, Ron and Sapiro, Guillermo},
  journal={International journal of computer vision},
  volume={22},
  number={1},
  pages={61--79},
  year={1997},
  publisher={Springer}
}

@article{chakerian2012computational,
  title={Computational tools for evaluating phylogenetic and hierarchical clustering trees},
  author={Chakerian, John and Holmes, Susan},
  journal={Journal of Computational and Graphical Statistics},
  volume={21},
  number={3},
  pages={581--599},
  year={2012},
  publisher={Taylor \& Francis Group}
}

@inproceedings{chaudhry2009histograms,
  title={Histograms of oriented optical flow and binet-cauchy kernels on nonlinear dynamical systems for the recognition of human actions},
  author={Chaudhry, Rizwan and Ravichandran, Arunkumar and Hager, Georg and Vidal, Ren{\'e}},
  booktitle={Computer Vision and Pattern Recognition, 2009. CVPR 2009. IEEE Conference on},
  pages={1932--1939},
  year={2009},
  organization={IEEE}
}

@inproceedings{cherian2011dirichlet,
  title={Dirichlet process mixture models on symmetric positive definite matrices for appearance clustering in video surveillance applications},
  author={Cherian, Anoop and Morellas, Vassilios and Papanikolopoulos, Nikolaos and Bedros, Saad J},
  booktitle={Computer Vision and Pattern Recognition (CVPR), 2011 IEEE Conference on},
  pages={3417--3424},
  year={2011},
  organization={IEEE}
}

@article{cherian2013jensen,
  title={Jensen-Bregman LogDet divergence with application to efficient similarity search for covariance matrices},
  author={Cherian, Arun and Sra, Suvrit and Banerjee, Adrish and Papanikolopoulos, Nikolaos},
  journal={Pattern Analysis and Machine Intelligence, IEEE Transactions on},
  volume={35},
  number={9},
  pages={2161--2174},
  year={2013},
  publisher={IEEE}
}

@article{cherian2015riemannian,
  title={Riemannian Dictionary Learning and Sparse Coding for Positive Definite Matrices},
  author={Cherian, Anoop and Sra, Suvrit},
  journal={arXiv:1507.02772},
  year={2015}
}


@article{chevallierprobability,
  title={Probability density estimation on the hyperbolic space applied to radar processing},
  author={Chevallier, Emmanuel and Barbaresco, Fr{\'e}d{\'e}ric and Angulo, Jesus}
}

@article{coifman2006diffusion,
  title={Diffusion maps},
  author={Coifman, Ronald R and Lafon, St{\'e}phane},
  journal={Applied and computational harmonic analysis},
  volume={21},
  number={1},
  pages={5--30},
  year={2006},
  publisher={Elsevier}
}

@article{collard2014anisotropy,
  title={Anisotropy preserving DTI processing},
  author={Collard, Anne and Bonnabel, Silv{\`e}re and Phillips, Christophe and Sepulchre, Rodolphe},
  journal={International journal of computer vision},
  volume={107},
  number={1},
  pages={58--74},
  year={2014},
  publisher={Springer}
}

@incollection{collins2014spectral,
  title={Spectral Clustering with a Convex Regularizer on Millions of Images},
  author={Collins, Maxwell D and Liu, Ji and Xu, Jia and Mukherjee, Lopamudra and Singh, Vikas},
  booktitle={Computer Vision--ECCV 2014},
  pages={282--298},
  year={2014},
  publisher={Springer}
}

@article{comon1990tracking,
  title={Tracking a few extreme singular values and vectors in signal processing},
  author={Comon, Pierre and Golub, Gene H},
  journal={Proceedings of the IEEE},
  volume={78},
  number={8},
  pages={1327--1343},
  year={1990},
  publisher={IEEE}
}

@article{congedo2015approximate,
  title={Approximate joint diagonalization and geometric mean of symmetric positive definite matrices},
  author={Congedo, Marco and Afsari, Bijan and Barachant, Alexandre and Moakher, Maher},
  journal={PloS one},
  volume={10},
  number={4},
  pages={e0121423},
  year={2015},
  publisher={Public Library of Science}
}

@article{cordero2001riemannian,
  title={A {R}iemannian interpolation inequality {\`a} la {B}orell, {B}rascamp and {L}ieb},
  author={Cordero-Erausquin, Dario and McCann, Robert J and Schmuckenschl{\"a}ger, Michael},
  journal={Inventiones mathematicae},
  volume={146},
  number={2},
  pages={219--257},
  year={2001},
  publisher={Springer}
}

@article{cordero2001riemannian,
  title={A Riemannian interpolation inequality {\`a} la Borell, Brascamp and Lieb},
  author={Cordero-Erausquin, Dario and McCann, Robert J and Schmuckenschl{\"a}ger, Michael},
  journal={Inventiones mathematicae},
  volume={146},
  number={2},
  pages={219--257},
  year={2001},
  publisher={Springer}
}

@article{cortes1995support,
  title={Support-vector networks},
  author={Cortes, Corinna and Vapnik, Vladimir},
  journal={Machine learning},
  volume={20},
  number={3},
  pages={273--297},
  year={1995},
  publisher={Springer}
}

@article{cowin1997averaging,
  title={Averaging anisotropic elastic constant data},
  author={Cowin, Stephen C and Yang, Guoyu},
  journal={Journal of Elasticity},
  volume={46},
  number={2},
  pages={151--180},
  year={1997},
  publisher={Springer}
}

@article{cunningham2015linear,
  title={Linear dimensionality reduction: Survey, insights, and generalizations},
  author={Cunningham, John P and Ghahramani, Zoubin},
  journal={Journal of Machine Learning Research},
  year={2015}
}

@article{cuturi2013fast,
  title={Fast computation of Wasserstein barycenters},
  author={Cuturi, Marco and Doucet, Arnaud},
  journal={arXiv:1310.4375},
  year={2013}
}

@inproceedings{cuturi2013sinkhorn,
  title={Sinkhorn distances: Lightspeed computation of optimal transport},
  author={Cuturi, Marco},
  booktitle={Advances in Neural Information Processing Systems},
  pages={2292--2300},
  year={2013}
}

@article{dedieu2005symplectic,
  title={Symplectic methods for the approximation of the exponential map and the Newton iteration on Riemannian submanifolds},
  author={Dedieu, Jean-Pierre and Nowicki, Dmitry},
  journal={Journal of Complexity},
  volume={21},
  number={4},
  pages={487--501},
  year={2005},
  publisher={Elsevier}
}

@inproceedings{defazio2014saga,
  title={{SAGA}: A fast incremental gradient method with support for non-strongly convex composite objectives},
  author={Defazio, Aaron and Bach, Francis and Lacoste-Julien, Simon},
  booktitle={Advances in Neural Information Processing Systems},
  pages={1646--1654},
  year={2014}
}


@article{delorme2004eeglab,
  title={EEGLAB: an open source toolbox for analysis of single-trial EEG dynamics including independent component analysis},
  author={Delorme, Arnaud and Makeig, Scott},
  journal={Journal of neuroscience methods},
  volume={134},
  number={1},
  pages={9--21},
  year={2004},
  publisher={Elsevier}
}

@article{demmel1987three,
  title={Three methods for refining estimates of invariant subspaces},
  author={Demmel, James W},
  journal={Computing},
  volume={38},
  number={1},
  pages={43--57},
  year={1987},
  publisher={Springer}
}

@incollection{diaconis2013sampling,
  title={Sampling from a manifold},
  author={Diaconis, Persi and Holmes, Susan and Shahshahani, Mehrdad and others},
  booktitle={Advances in Modern Statistical Theory and Applications: A Festschrift in honor of Morris L. Eaton},
  pages={102--125},
  year={2013},
  publisher={Institute of Mathematical Statistics}
}

@article{donoho2003hessian,
  title={Hessian eigenmaps: Locally linear embedding techniques for high-dimensional data},
  author={Donoho, David L and Grimes, Carrie},
  journal={Proceedings of the National Academy of Sciences},
  volume={100},
  number={10},
  pages={5591--5596},
  year={2003},
  publisher={National Acad Sciences}
}

@article{donoho2005image,
  title={Image manifolds which are isometric to Euclidean space},
  author={Donoho, David L and Grimes, Carrie},
  journal={Journal of mathematical imaging and vision},
  volume={23},
  number={1},
  pages={5--24},
  year={2005},
  publisher={Springer}
}

@article{doretto2003dynamic,
  title={Dynamic textures},
  author={Doretto, Gianfranco and Chiuso, Alessandro and Wu, Ying Nian and Soatto, Stefano},
  journal={International Journal of Computer Vision},
  volume={51},
  number={2},
  pages={91--109},
  year={2003},
  publisher={Springer}
}

@article{drori2014performance,
	title={Performance of first-order methods for smooth convex minimization: a novel approach},
	author={Drori, Yoel and Teboulle, Marc},
	journal={Mathematical Programming},
	volume={145},
	number={1-2},
	pages={451--482},
	year={2014},
	publisher={Springer}
}

@article{duchi2012dual,
  title={Dual averaging for distributed optimization: convergence analysis and network scaling},
  author={Duchi, John C and Agarwal, Alekh and Wainwright, Martin J},
  journal={Automatic control, IEEE Transactions on},
  volume={57},
  number={3},
  pages={592--606},
  year={2012},
  publisher={IEEE}
}

@book{duffin1967geometric,
  title={Geometric programming: theory and application},
  author={Duffin, Richard James and Peterson, Elmor L and Zener, Clarence},
  year={1967},
  publisher={Wiley New York}
}

@article{edelman1998geometry,
  title={The geometry of algorithms with orthogonality constraints},
  author={Edelman, Alan and Arias, Tom{\'a}s A and Smith, Steven T},
  journal={SIAM journal on Matrix Analysis and Applications},
  volume={20},
  number={2},
  pages={303--353},
  year={1998},
  publisher={SIAM}
}


@article{ferreira1998subgradient,
  title={Subgradient algorithm on {R}iemannian manifolds},
  author={Ferreira, OP and Oliveira, PR},
  journal={Journal of Optimization Theory and Applications},
  volume={97},
  number={1},
  pages={93--104},
  year={1998},
  publisher={Springer}
}

@article{ferreira2002proximal,
	title={Proximal point algorithm on {R}iemannian manifolds},
	author={Ferreira, OP and Oliveira, PR},
	journal={Optimization},
	volume={51},
	number={2},
	pages={257--270},
	year={2002},
	publisher={Taylor \& Francis}
}


@article{ferreira2013newton,
  title={Newton algorithms for {R}iemannian distance related problems on connected locally symmetric manifolds},
  author={Ferreira, Ricardo and Xavier, Jo{\~a}o and Costeira, Jo{\~a}o P and Barroso, Victor},
  journal={Selected Topics in Signal Processing, IEEE Journal of},
  volume={7},
  number={4},
  pages={634--645},
  year={2013},
  publisher={IEEE}
}

@inproceedings{flammarion2015averaging,
	title={From averaging to acceleration, there is only a step-size},
	author={Flammarion, Nicolas and Bach, Francis},
	booktitle={Conference on Learning Theory},
	pages={658--695},
	year={2015}
}

@incollection{fletcher2004principal,
  title={Principal geodesic analysis on symmetric spaces: Statistics of diffusion tensors},
  author={Fletcher, P Thomas and Joshi, Sarang},
  booktitle={Computer Vision and Mathematical Methods in Medical and Biomedical Image Analysis},
  pages={87--98},
  year={2004},
  publisher={Springer}
}

@article{fletcher2004principal2,
  title={Principal geodesic analysis for the study of nonlinear statistics of shape},
  author={Fletcher, P Thomas and Lu, Conglin and Pizer, Stephen M and Joshi, Sarang},
  journal={Medical Imaging, IEEE Transactions on},
  volume={23},
  number={8},
  pages={995--1005},
  year={2004},
  publisher={IEEE}
}

@article{fletcher2007riemannian,
  title={Riemannian geometry for the statistical analysis of diffusion tensor data},
  author={Fletcher, Thomas and Joshi, Sarang},
  journal={Signal Processing},
  volume={87},
  number={2},
  pages={250--262},
  year={2007},
  publisher={Elsevier}
}

@inproceedings{fletcher2011geodesic,
  title={Geodesic regression on Riemannian manifolds},
  author={Fletcher, Thomas},
  booktitle={Proceedings of the Third International Workshop on Mathematical Foundations of Computational Anatomy-Geometrical and Statistical Methods for Modelling Biological Shape Variability},
  pages={75--86},
  year={2011}
}

@phdthesis{freifeld2013statistics,
  title={Statistics on Manifolds with Applications to Modeling Shape Deformations},
  author={Freifeld, Oren},
  year={2013},
  school={Brown University Providence, Rhode Island, USA}
}

@article{friedman2008sparse,
  title={Sparse inverse covariance estimation with the graphical lasso},
  author={Friedman, Jerome and Hastie, Trevor and Tibshirani, Robert},
  journal={Biostatistics},
  volume={9},
  number={3},
  pages={432--441},
  year={2008},
  publisher={Biometrika Trust}
}

@article{fukumizu2013kernel,
  author  = {Kenji Fukumizu and Le Song and Arthur Gretton},
  title   = {Kernel Bayes' Rule: Bayesian Inference with Positive Definite Kernels},
  journal = {Journal of Machine Learning Research},
  year    = {2013},
  volume  = {14},
  pages   = {3753-3783},
  url     = {http://jmlr.org/papers/v14/fukumizu13a.html}
}

@article{gabay1982minimizing,
  title={Minimizing a differentiable function over a differential manifold},
  author={Gabay, Daniel},
  journal={Journal of Optimization Theory and Applications},
  volume={37},
  number={2},
  pages={177--219},
  year={1982},
  publisher={Springer}
}


@article{garber2015fast,
  title={Fast and Simple PCA via Convex Optimization},
  author={Garber, Dan and Hazan, Elad},
  journal={arXiv:1509.05647},
  year={2015}
}

@article{gardner1984learning,
  title={Learning characteristics of stochastic-gradient-descent algorithms: A general study, analysis, and critique},
  author={Gardner, William A},
  journal={Signal Processing},
  volume={6},
  number={2},
  pages={113--133},
  year={1984},
  publisher={Elsevier}
}

@inproceedings{gemulla2011large,
  title={Large-scale matrix factorization with distributed stochastic gradient descent},
  author={Gemulla, Rainer and Nijkamp, Erik and Haas, Peter J and Sismanis, Yannis},
  booktitle={Proceedings of the 17th ACM SIGKDD international conference on Knowledge discovery and data mining},
  pages={69--77},
  year={2011},
  organization={ACM}
}

@article{ghadimi2012optimal,
  title={Optimal stochastic approximation algorithms for strongly convex stochastic composite optimization i: A generic algorithmic framework},
  author={Ghadimi, Saeed and Lan, Guanghui},
  journal={SIAM Journal on Optimization},
  volume={22},
  number={4},
  pages={1469--1492},
  year={2012},
  publisher={SIAM}
}

@article{ghadimi2013stochastic,
  title={Stochastic first-and zeroth-order methods for nonconvex stochastic programming},
  author={Ghadimi, Saeed and Lan, Guanghui},
  journal={SIAM Journal on Optimization},
  volume={23},
  number={4},
  pages={2341--2368},
  year={2013},
  publisher={SIAM}
}

@article{ghadimi2016accelerated,
	title={Accelerated gradient methods for nonconvex nonlinear and stochastic programming},
	author={Ghadimi, Saeed and Lan, Guanghui},
	journal={Mathematical Programming},
	volume={156},
	number={1-2},
	pages={59--99},
	year={2016},
	publisher={Springer}
}

@article{ghrist2007geometry,
  title={The geometry and topology of reconfiguration},
  author={Ghrist, Robert and Peterson, Valerie},
  journal={Advances in applied mathematics},
  volume={38},
  number={3},
  pages={302--323},
  year={2007},
  publisher={Elsevier}
}

@article{gilbert1992global,
  title={Global convergence properties of conjugate gradient methods for optimization},
  author={Gilbert, Jean Charles and Nocedal, Jorge},
  journal={SIAM Journal on optimization},
  volume={2},
  number={1},
  pages={21--42},
  year={1992},
  publisher={SIAM}
}

@article{girolami2011riemann,
  title={Riemann manifold langevin and hamiltonian monte carlo methods},
  author={Girolami, Mark and Calderhead, Ben},
  journal={Journal of the Royal Statistical Society: Series B (Statistical Methodology)},
  volume={73},
  number={2},
  pages={123--214},
  year={2011},
  publisher={Wiley Online Library}
}

@article{gong2014linear,
  title={Linear Convergence of Variance-Reduced Stochastic Gradient without Strong Convexity},
  author={Gong, Pinghua and Ye, Jieping},
  journal={arXiv:1406.1102},
  year={2014}
}

@article{goodall1991procrustes,
  title={Procrustes methods in the statistical analysis of shape},
  author={Goodall, Colin},
  journal={Journal of the Royal Statistical Society. Series B (Methodological)},
  pages={285--339},
  year={1991},
  publisher={JSTOR}
}

@article{goodall1999projective,
  title={Projective shape analysis},
  author={Goodall, Colin R and Mardia, Kanti V},
  journal={Journal of Computational and Graphical Statistics},
  volume={8},
  number={2},
  pages={143--168},
  year={1999},
  publisher={Taylor \& Francis}
}

@article{gower1975generalized,
  title={Generalized procrustes analysis},
  author={Gower, John C},
  journal={Psychometrika},
  volume={40},
  number={1},
  pages={33--51},
  year={1975},
  publisher={Springer}
}

@incollection{grant2008graph,
  author    = {Michael Grant and Stephen Boyd},
  title     = {Graph implementations for nonsmooth convex programs},
  booktitle = {Recent Advances in Learning and Control},
  series    = {Lecture Notes in Control and Information Sciences},
  editor    = {V. Blondel and S. Boyd and H. Kimura},
  publisher = {Springer-Verlag Limited},
  pages     = {95--110},
  year      = 2008,
  note      = {\url{http://stanford.edu/~boyd/graph_dcp.html}}
}

@misc{grant2014cvx,
  author       = {Michael Grant and Stephen Boyd},
  title        = {{CVX}: Matlab Software for Disciplined Convex Programming, version 2.1},
  howpublished = {\url{http://cvxr.com/cvx}},
  month        = mar,
  year         = 2014
}

@article{gromov1978manifolds,
  title={Manifolds of negative curvature},
  author={Gromov, Mikhail},
  journal={J. Differential Geom},
  volume={13},
  number={2},
  pages={223--230},
  year={1978}
}

@inproceedings{gu2008similarity,
  title={A similarity measure under Log-Euclidean metric for stereo matching},
  author={Gu, Quanquan and Zhou, Jie},
  booktitle={Pattern Recognition, 2008. ICPR 2008. 19th International Conference on},
  pages={1--4},
  year={2008},
  organization={IEEE}
}

@inproceedings{guo2010action,
  title={Action recognition using sparse representation on covariance manifolds of optical flow},
  author={Guo, Kai and Ishwar, Prakash and Konrad, Janusz},
  booktitle={Advanced Video and Signal Based Surveillance (AVSS), 2010 Seventh IEEE International Conference on},
  pages={188--195},
  year={2010},
  organization={IEEE}
}

@inproceedings{hamm2008grassmann,
  title={Grassmann discriminant analysis: a unifying view on subspace-based learning},
  author={Hamm, Jihun and Lee, Daniel D},
  booktitle={Proceedings of the 25th international conference on Machine learning},
  pages={376--383},
  year={2008},
  organization={ACM}
}

@inproceedings{harandi2011graph,
  title={Graph embedding discriminant analysis on Grassmannian manifolds for improved image set matching},
  author={Harandi, Mehrtash T and Sanderson, Conrad and Shirazi, Sareh and Lovell, Brian C},
  booktitle={Computer Vision and Pattern Recognition (CVPR), 2011 IEEE Conference on},
  pages={2705--2712},
  year={2011},
  organization={IEEE}
}

@inproceedings{harandi2012kernel,
  title={Kernel analysis over Riemannian manifolds for visual recognition of actions, pedestrians and textures},
  author={Harandi, Mehrtash T and Sanderson, Conrad and Wiliem, Arnold and Lovell, Brian C},
  booktitle={Applications of Computer Vision (WACV), 2012 IEEE Workshop on},
  pages={433--439},
  year={2012},
  organization={IEEE}
}

@incollection{harandi2012sparse,
  title={Sparse coding and dictionary learning for symmetric positive definite matrices: A kernel approach},
  author={Harandi, Mehrtash T and Sanderson, Conrad and Hartley, Richard and Lovell, Brian C},
  booktitle={Computer Vision--ECCV 2012},
  pages={216--229},
  year={2012},
  publisher={Springer}
}

@incollection{harandi2012sparse,
  title={Sparse coding and dictionary learning for symmetric positive definite matrices: A kernel approach},
  author={Harandi, Mehrtash T and Sanderson, Conrad and Hartley, Richard and Lovell, Brian C},
  booktitle={ECCV 2012},
  pages={216--229},
  year={2012},
  publisher={Springer}
}


@article{hazan2014beyond,
  title={Beyond the regret minimization barrier: optimal algorithms for stochastic strongly-convex optimization},
  author={Hazan, Elad and Kale, Satyen},
  journal={The Journal of Machine Learning Research},
  volume={15},
  number={1},
  pages={2489--2512},
  year={2014},
  publisher={JMLR. org}
}

@article{hendriks1990nonparametric,
  title={Nonparametric estimation of a probability density on a Riemannian manifold using Fourier expansions},
  author={Hendriks, Harrie},
  journal={The Annals of Statistics},
  pages={832--849},
  year={1990},
  publisher={JSTOR}
}

@inproceedings{hoSr15b,
	Author = {Reshad Hosseini and Suvrit Sra},
	Booktitle = {Advances in Neural Information Processing Systems (NIPS)},
	Title = {Matrix manifold optimization for {G}aussian mixtures},
	Year = {2015}}


@article{hoffman2013stochastic,
  title={Stochastic variational inference},
  author={Hoffman, Matthew D and Blei, David M and Wang, Chong and Paisley, John},
  journal={The Journal of Machine Learning Research},
  volume={14},
  number={1},
  pages={1303--1347},
  year={2013},
  publisher={JMLR. org}
}

@Article{hosseini2015manifold,
author = {Reshad Hosseini and Suvrit Sra},
title = {Manifold optimization for mixture modeling},
journal = {arXiv:1506.07677},
year = {2015},
note = {Submitted}
}

@inproceedings{hotz2010intrinsic,
  title={Intrinsic shape analysis: Geodesic PCA for Riemannian manifolds modulo isometric lie group actions},
  author={Hotz, Thomas and Munk, Axel and Huckemann, Stephan},
  booktitle={Statistica Sinica},
  year={2010},
  organization={Citeseer}
}

@article{huang2014riemannian,
author = "Wen Huang and P.-A. Absil and K. A. Gallivan",
title = "A Riemannian symmetric rank-one trust-region method",
journal = "Mathematical Programming",
year = "2014",
DOI = "10.1007/s10107-014-0765-1"
}



@article{huckemann2010mobius,
  title={M{\"o}bius deconvolution on the hyperbolic plane with application to impedance density estimation},
  author={Huckemann, Stephan F and Kim, Peter T and Koo, Ja-Yong and Munk, Axel},
  journal={The Annals of Statistics},
  pages={2465--2498},
  year={2010},
  publisher={JSTOR}
}

@article{hyvarinen1999fast,
  title={Fast and robust fixed-point algorithms for independent component analysis},
  author={Hyv{\"a}rinen, Aapo},
  journal={Neural Networks, IEEE Transactions on},
  volume={10},
  number={3},
  pages={626--634},
  year={1999},
  publisher={IEEE}
}

@article{hyvarinen2000independent,
  title={Independent component analysis: algorithms and applications},
  author={Hyv{\"a}rinen, Aapo and Oja, Erkki},
  journal={Neural networks},
  volume={13},
  number={4},
  pages={411--430},
  year={2000},
  publisher={Elsevier}
}

@article{ishteva2011best,
  title={Best low multilinear rank approximation of higher-order tensors, based on the {R}iemannian trust-region scheme},
  author={Ishteva, Mariya and Absil, P-A and Van Huffel, Sabine and De Lathauwer, Lieven},
  journal={SIAM Journal on Matrix Analysis and Applications},
  volume={32},
  number={1},
  pages={115--135},
  year={2011},
  publisher={SIAM}
}

@article{jacques2008geometrical,
  title={A geometrical study of matching pursuit parametrization},
  author={Jacques, Laurent and De Vleeschouwer, Christophe},
  journal={Signal Processing, IEEE Transactions on},
  volume={56},
  number={7},
  pages={2835--2848},
  year={2008},
  publisher={IEEE}
}

@article{jain2009structure,
  title={Structure spaces},
  author={Jain, Brijnesh J and Obermayer, Klaus},
  journal={The Journal of Machine Learning Research},
  volume={10},
  pages={2667--2714},
  year={2009},
  publisher={JMLR. org}
}

@inproceedings{jayasumana2013kernel,
  title={Kernel methods on the riemannian manifold of symmetric positive definite matrices},
  author={Jayasumana, Sadeep and Hartley, Richard and Salzmann, Mathieu and Li, Hongdong and Harandi, Mehrtash},
  booktitle={Computer Vision and Pattern Recognition (CVPR), 2013 IEEE Conference on},
  pages={73--80},
  year={2013},
  organization={IEEE}
}

@article{jeuris2012survey,
  title={A survey and comparison of contemporary algorithms for computing the matrix geometric mean},
  author={Jeuris, Ben and Vandebril, Raf and Vandereycken, Bart},
  journal={Electronic Transactions on Numerical Analysis},
  volume={39},
  number={EPFL-ARTICLE-197637},
  pages={379--402},
  year={2012},
  publisher={Institute of Computational Mathematics}
}

@article{jin2015robust,
  title={Robust Shift-and-Invert Preconditioning: Faster and More Sample Efficient Algorithms for Eigenvector Computation},
  author={Jin, Chi and Kakade, Sham M and Musco, Cameron and Netrapalli, Praneeth and Sidford, Aaron},
  journal={arXiv:1510.08896},
  year={2015}
}

@inproceedings{johnson2013accelerating,
  title={Accelerating stochastic gradient descent using predictive variance reduction},
  author={Johnson, Rie and Zhang, Tong},
  booktitle={Advances in Neural Information Processing Systems},
  pages={315--323},
  year={2013}
}


@article{joshi2002multiscale,
  title={Multiscale deformable model segmentation and statistical shape analysis using medial descriptions},
  author={Joshi, Sarang and Pizer, Stephen and Fletcher, P Thomas and Yushkevich, Paul and Thall, Andrew and Marron, JS},
  journal={Medical Imaging, IEEE Transactions on},
  volume={21},
  number={5},
  pages={538--550},
  year={2002},
  publisher={IEEE}
}

@book{jost2011riemannian,
	title={Riemannian Geometry and Geometric Analysis},
	author={Jost, J{\"u}rgen},
	year={2011},
	publisher={Springer Science \& Business Media}
}

@article{jost2014ollivier,
  title={Ollivier’s Ricci curvature, local clustering and curvature-dimension inequalities on graphs},
  author={Jost, J{\"u}rgen and Liu, Shiping},
  journal={Discrete \& Computational Geometry},
  volume={51},
  number={2},
  pages={300--322},
  year={2014},
  publisher={Springer}
}

@InCollection{journee2007geometric,
  author       = "Journ\'ee, Michel and Teschendorff, Andrew and Absil, Pierre-Antoine and Tavar\'e, Simon and Sepulchre, Rodolphe",
  title        = "Geometric Optimization Methods for the Analysis of Gene Expression Data",
  booktitle    = "Principal Manifolds for Data Visualization and Dimension Reduction",
  chapter      = "12",
  series       = "Lecture Notes in Computational Science and Engineering",
  volume       = "58",
  pages        = "271--292",
  year         = "2007",
  editor       = "Alexander N. Gorban, Bal\'azs K\'egl, Donald C. Wunsch and Andrei Y. Zinovyev",
  publisher    = "Springer Berlin Heidelberg",
  url          = "http://www.montefiore.ulg.ac.be/services/stochastic/pubs/2007/JTATS07"
}

@article{journee2010low,
  title={Low-rank optimization on the cone of positive semidefinite matrices},
  author={Journ{\'e}e, Michel and Bach, Francis and Absil, P-A and Sepulchre, Rodolphe},
  journal={SIAM Journal on Optimization},
  volume={20},
  number={5},
  pages={2327--2351},
  year={2010},
  publisher={SIAM}
}

@article{jutten1991blind,
  title={Blind separation of sources, part I: An adaptive algorithm based on neuromimetic architecture},
  author={Jutten, Christian and Herault, Jeanny},
  journal={Signal processing},
  volume={24},
  number={1},
  pages={1--10},
  year={1991},
  publisher={Elsevier}
}

@article{karcher1977riemannian,
  title={Riemannian center of mass and mollifier smoothing},
  author={Karcher, Hermann},
  journal={Communications on pure and applied mathematics},
  volume={30},
  number={5},
  pages={509--541},
  year={1977},
  publisher={Wiley Online Library}
}


@article{kasai2016riemannian,
  title={Riemannian stochastic variance reduced gradient on {G}rassmann manifold},
  author={Kasai, Hiroyuki and Sato, Hiroyuki and Mishra, Bamdev},
  journal={arXiv:1605.07367},
  year={2016}
}

@book{keller1968numerical,
  title={Numerical methods for two-point boundary-value problems},
  author={Keller, Herbert B},
  year={1968},
  publisher={Waltham}
}

@book{kelton2000simulation,
  title={Simulation modeling and analysis},
  author={Kelton, W David and Law, Averill M},
  year={2000},
  publisher={McGraw Hill Boston}
}

@article{kendall1984shape,
  title={Shape manifolds, procrustean metrics, and complex projective spaces},
  author={Kendall, David G},
  journal={Bulletin of the London Mathematical Society},
  volume={16},
  number={2},
  pages={81--121},
  year={1984},
  publisher={Oxford University Press}
}

@article{kilian2007geometric,
  title={Geometric modeling in shape space},
  author={Kilian, Martin and Mitra, Niloy J and Pottmann, Helmut},
  journal={ACM Transactions on Graphics (TOG)},
  volume={26},
  number={3},
  pages={64},
  year={2007},
  publisher={ACM}
}

@article{kim2016optimized,
	title={Optimized first-order methods for smooth convex minimization},
	author={Kim, Donghwan and Fessler, Jeffrey A},
	journal={Mathematical programming},
	volume={159},
	number={1-2},
	pages={81--107},
	year={2016},
	publisher={Springer}
}

@article{kingma2013auto,
  title={Auto-encoding variational bayes},
  author={Kingma, Diederik P and Welling, Max},
  journal={arXiv:1312.6114},
  year={2013}
}



@article{klassen2004analysis,
  title={Analysis of planar shapes using geodesic paths on shape spaces},
  author={Klassen, Eric and Srivastava, Anuj and Mio, Washington and Joshi, Shantanu H},
  journal={Pattern Analysis and Machine Intelligence, IEEE Transactions on},
  volume={26},
  number={3},
  pages={372--383},
  year={2004},
  publisher={IEEE}
}

@incollection{klassen2006geodesics,
  title={Geodesics between 3D closed curves using path-straightening},
  author={Klassen, Eric and Srivastava, Anuj},
  booktitle={Computer Vision--ECCV 2006},
  pages={95--106},
  year={2006},
  publisher={Springer}
}

@article{kleinsteuber2012blind,
  title={Blind source separation with compressively sensed linear mixtures},
  author={Kleinsteuber, Martin and Shen, Hao},
  journal={Signal Processing Letters, IEEE},
  volume={19},
  number={2},
  pages={107--110},
  year={2012},
  publisher={IEEE}
}

@article{konevcny2013semi,
  title={Semi-stochastic gradient descent methods},
  author={Kone{\v{c}}n{\`y}, Jakub and Richt{\'a}rik, Peter},
  journal={arXiv:1312.1666},
  year={2013}
}

@article{kovnatsky2015madmm,
  title={MADMM: a generic algorithm for non-smooth optimization on manifolds},
  author={Kovnatsky, Artiom and Glashoff, Klaus and Bronstein, Michael M},
  journal={arXiv:1505.07676},
  year={2015}
}

@article{krioukov2009curvature,
  title = {Curvature and temperature of complex networks},
  author = {Krioukov, Dmitri and Papadopoulos, Fragkiskos and Vahdat, Amin and Bogu\~n\'a, Mari\'an},
  journal = {Phys. Rev. E},
  volume = {80},
  issue = {3},
  pages = {035101},
  numpages = {4},
  year = {2009},
  month = {Sep},
  publisher = {American Physical Society},
  doi = {10.1103/PhysRevE.80.035101},
  url = {http://link.aps.org/doi/10.1103/PhysRevE.80.035101}
}

@article{krioukov2010hyperbolic,
  title={Hyperbolic geometry of complex networks},
  author={Krioukov, Dmitri and Papadopoulos, Fragkiskos and Kitsak, Maksim and Vahdat, Amin and Bogun{\'a}, Mari{\'a}n},
  journal={Physical Review E},
  volume={82},
  number={3},
  pages={036106},
  year={2010},
  publisher={APS}
}

@article{krishnamachari2013geometry,
  title={On the geometry and quantization of manifolds of positive semi-definite matrices},
  author={Krishnamachari, Rajesh T and Varanasi, Mahesh K},
  journal={Signal Processing, IEEE Transactions on},
  volume={61},
  number={18},
  pages={4587--4599},
  year={2013},
  publisher={IEEE}
}

@book{kushner2003stochastic,
  title={Stochastic approximation and recursive algorithms and applications},
  author={Kushner, Harold and Yin, G George},
  volume={35},
  year={2003},
  publisher={Springer Science \& Business Media}
}

@article{lacoste2012simpler,
  title={A simpler approach to obtaining an o (1/t) convergence rate for the projected stochastic subgradient method},
  author={Lacoste-Julien, Simon and Schmidt, Mark and Bach, Francis},
  journal={arXiv:1212.2002},
  year={2012}
}


@inproceedings{larkworthy2010efficient,
  title={An efficient algorithm for self-reconfiguration planning in a modular robot},
  author={Larkworthy, Tom and Ramamoorthy, Subramanian},
  booktitle={Robotics and Automation (ICRA), 2010 IEEE International Conference on},
  pages={5139--5146},
  year={2010},
  organization={IEEE}
}

@inproceedings{lashkari2007convex,
  title={Convex clustering with exemplar-based models},
  author={Lashkari, Danial and Golland, Polina},
  booktitle={Advances in neural information processing systems},
  pages={825--832},
  year={2007}
}

@article{le2001diffusion,
  title={Diffusion tensor imaging: concepts and applications},
  author={Le Bihan, Denis and Mangin, Jean-Fran{\c{c}}ois and Poupon, Cyril and Clark, Chris A and Pappata, Sabina and Molko, Nicolas and Chabriat, Hughes},
  journal={Journal of magnetic resonance imaging},
  volume={13},
  number={4},
  pages={534--546},
  year={2001},
  publisher={Wiley Online Library}
}

@article{le2001locating,
  title={Locating Fr{\'e}chet means with application to shape spaces},
  author={Le, Huiling},
  journal={Advances in Applied Probability},
  pages={324--338},
  year={2001},
  publisher={JSTOR}
}

@incollection{lecun1998efficient,
  title={Efficient BackProp},
  author={LeCun, Yann and Bottou, Leon and Orr, Genevieve B and M{\"u}ller, Klaus-Robert},
  booktitle={Neural Networks: Tricks of the Trade},
  pages={9--50},
  year={1998},
  publisher={Springer}
}

@book{lee12,
	Author = {John M. Lee},
	Number = 218,
	Publisher = {Springer},
	Series = {GTM},
	Title = {Introduction to Smooth Manifolds},
	Year = 2012}

@book{lemmens2012nonlinear,
  title={Nonlinear {P}erron-{F}robenius Theory},
  author={Lemmens, Bas and Nussbaum, Roger},
  volume={189},
  year={2012},
  publisher={Cambridge University Press}
}

@article{lenglet2006statistics,
  title={Statistics on the manifold of multivariate normal distributions: Theory and application to diffusion tensor MRI processing},
  author={Lenglet, Christophe and Rousson, Mika{\"e}l and Deriche, Rachid and Faugeras, Olivier},
  journal={Journal of Mathematical Imaging and Vision},
  volume={25},
  number={3},
  pages={423--444},
  year={2006},
  publisher={Springer}
}

@article{lessard2016analysis,
	title={Analysis and design of optimization algorithms via integral quadratic constraints},
	author={Lessard, Laurent and Recht, Benjamin and Packard, Andrew},
	journal={SIAM Journal on Optimization},
	volume={26},
	number={1},
	pages={57--95},
	year={2016},
	publisher={SIAM}
}

@inproceedings{levy2014neural,
  title={Neural word embedding as implicit matrix factorization},
  author={Levy, Omer and Goldberg, Yoav},
  booktitle={Advances in Neural Information Processing Systems},
  pages={2177--2185},
  year={2014}
}

@inproceedings{li2008visual,
  title={Visual tracking via incremental log-euclidean riemannian subspace learning},
  author={Li, Xi and Hu, Weiming and Zhang, Zhongfei and Zhang, Xiaoqin and Zhu, Mingliang and Cheng, Jian},
  booktitle={Computer Vision and Pattern Recognition, 2008. CVPR 2008. IEEE Conference on},
  pages={1--8},
  year={2008},
  organization={IEEE}
}

@inproceedings{li2009eeg,
  title={EEG signal classification based on a Riemannian distance measure},
  author={Li, Yili and Wong, Kon Max and DeBruin, Hubert},
  booktitle={Science and Technology for Humanity (TIC-STH), 2009 IEEE Toronto International Conference},
  pages={268--273},
  year={2009},
  organization={IEEE}
}

@inproceedings{li2013log,
  title={Log-Euclidean kernels for sparse representation and dictionary learning},
  author={Li, Peihua and Wang, Qilong and Zuo, Wangmeng and Zhang, Lei},
  booktitle={Computer Vision (ICCV), 2013 IEEE International Conference on},
  pages={1601--1608},
  year={2013},
  organization={IEEE}
}

@InProceedings{li2015retraction,
author = {Li, Zhizhong and Zhao, Deli and Lin, Zhouchen and Chang, Edward Y.},
title = {A New Retraction for Accelerating the Riemannian Three-Factor Low-Rank Matrix Completion Algorithm},
journal = {The IEEE Conference on Computer Vision and Pattern Recognition (CVPR)},
month = {June},
year = {2015}
}

@article{lin2010ricci,
  title={Ricci curvature and eigenvalue estimate on locally finite graphs},
  author={Lin, Yong and Yau, Shing-Tung},
  journal={Math. Res. Lett},
  volume={17},
  number={2},
  pages={343--356},
  year={2010}
}

@article{liu2004,
  title={Optimal linear representations of images for object recognition},
  author={Liu, Xiuwen and Srivastava, Anuj and Gallivan, Kyle},
  journal={IEEE TPAMI},
  year={2004},
  volume={26},
  number={5},
  pages={662--666}
}

@Article{liu2015maximization,
  title={Maximization of Matrix Trace Function of Product {S}tiefel Manifolds},
  author={Liu, Xin-Guo and Wang, Xue-Feng and Wang, Wei-Guo},
  journal={SIAM Journal on Matrix Analysis and Applications},
  volume={36},
  number={4},
  pages={1489--1506},
  year={2015},
  publisher={SIAM}
}

@article{love2003grassmannian,
  title={Grassmannian beamforming for multiple-input multiple-output wireless systems},
  author={Love, David J and Heath Jr, Robert W and Strohmer, Thomas},
  journal={Information Theory, IEEE Transactions on},
  volume={49},
  number={10},
  pages={2735--2747},
  year={2003},
  publisher={IEEE}
}

@article{luenberger1972gradient,
  title={The gradient projection method along geodesics},
  author={Luenberger, David G},
  journal={Management Science},
  volume={18},
  number={11},
  pages={620--631},
  year={1972},
  publisher={INFORMS}
}

@article{makeig1996independent,
  title={Independent component analysis of electroencephalographic data},
  author={Makeig, Scott and Bell, Anthony J and Jung, Tzyy-Ping and Sejnowski, Terrence J and others},
  journal={Advances in neural information processing systems},
  pages={145--151},
  year={1996},
  publisher={Morgan Kaufmann Publishers}
}

@inproceedings{malcolm2007graph,
  title={A graph cut approach to image segmentation in tensor space},
  author={Malcolm, James and Rathi, Yogesh and Tannenbaum, Allen},
  booktitle={Computer Vision and Pattern Recognition, 2007. CVPR'07. IEEE Conference on},
  pages={1--8},
  year={2007},
  organization={IEEE}
}

@Article{mania2015,
  title={Perturbed Iterate Analysis for Asynchronous Stochastic Optimization},
  author={Mania, Horia and Pan, Xinghao and Papailiopoulos, Dimitris and Recht, Benjamin and Ramchandran, Kannan and Jordan, Michael I},
  journal={arXiv:1507.06970},
  year={2015}
}

@article{mania2015perturbed,
  title={Perturbed Iterate Analysis for Asynchronous Stochastic Optimization},
  author={Mania, Horia and Pan, Xinghao and Papailiopoulos, Dimitris and Recht, Benjamin and Ramchandran, Kannan and Jordan, Michael I},
  journal={arXiv:1507.06970},
  year={2015}
}

@book{mardia2009directional,
  title={Directional statistics},
  author={Mardia, Kanti V and Jupp, Peter E},
  volume={494},
  year={2009},
  publisher={John Wiley \& Sons}
}

@incollection{mcmahan2004online,
  title={Online geometric optimization in the bandit setting against an adaptive adversary},
  author={McMahan, H Brendan and Blum, Avrim},
  booktitle={Learning theory},
  pages={109--123},
  year={2004},
  publisher={Springer}
}


@article{meyer1989toponogov,
  title={Toponogov's theorem and applications},
  author={Meyer, Wolfgang},
  journal={SMR},
  volume={404},
  pages={9},
  year={1989}
}

@inproceedings{meyer2011linear,
          Author = {Meyer, G. and Bonnabel, S. and Sepulchre, R.},
          Booktitle = {Proceedings of the 28th International Conference on Machine Learning (ICML)},
          Title = {Linear regression under fixed-rank constraints: a Riemannian approach},
          Year = {2011}}

@article{meyer2011regression,
        Author = {Meyer, G. and Bonnabel, S. and Sepulchre, R.},
        Journal = {Journal of Machine Learning Research},
        Pages = {593âˆ’625},
        Title = {Regression on fixed-rank positive semidefinite matrices: a Riemannian approach},
        Volume = {12(Feb)},
        Year = {2011}}

@phdthesis{meyer2011thesis,
      Author = {Meyer, G.},
      School = {University of Li{\`e}ge},
      Title = {Geometric optimization algorithms for linear regression on fixed-rank matrices},
      Year = {2011}}

@article{michor2006riemannian,
  title={Riemannian geometries on spaces of plane curves},
  author={Michor, Peter W and Mumford, David B},
  journal={Journal of the European Mathematical Society},
  volume={8},
  number={1},
  pages={1--48},
  year={2006},
  publisher={European Matemathical Society, EMS}
}

@article{miller2015polyhedral,
  title={Polyhedral computational geometry for averaging metric phylogenetic trees},
  author={Miller, Ezra and Owen, Megan and Provan, J Scott},
  journal={Advances in Applied Mathematics},
  volume={68},
  pages={51--91},
  year={2015},
  publisher={Elsevier}
}

@inproceedings{mishra11a,
            Author = {Mishra, B. and Meyer, G. and Sepulchre, R.},
            Booktitle = {Proceedings of the 50th IEEE Conference on Decision and Control, Orlando (USA)},
            Title = {Low-rank optimization for distance matrix completion},
            Year = {2011}}

@article{mishra2013low,
  title={Low-rank optimization with trace norm penalty},
  author={Mishra, Bamdev and Meyer, Gilles and Bach, Francis and Sepulchre, Rodolphe},
  journal={SIAM Journal on Optimization},
  volume={23},
  number={4},
  pages={2124--2149},
  year={2013},
  publisher={SIAM}
}

@article{mishra2014fixed,
  title={Fixed-rank matrix factorizations and Riemannian low-rank optimization},
  author={Mishra, Bamdev and Meyer, Gilles and Bonnabel, Silv{\`e}re and Sepulchre, Rodolphe},
  journal={Computational Statistics},
  volume={29},
  number={3-4},
  pages={591--621},
  year={2014},
  publisher={Springer}
}

@inproceedings{mishra2014r3mc,
  title={R3MC: A Riemannian three-factor algorithm for low-rank matrix completion},
  author={Mishra, Bamdev and Sepulchre, Rodolphe},
  booktitle={Decision and Control (CDC), 2014 IEEE 53rd Annual Conference on},
  pages={1137--1142},
  year={2014},
  organization={IEEE}
}

@phdthesis{mishra2014thesis,
    title={A Riemannian approach to large-scale constrained least-squares with symmetries},
    author={Mishra, Bamdev},
    year={2014},
    school={Universit{\'e} de Namur}
}

@article{mishra2016,
  title={Riemannian preconditioning},
  author={Mishra, Bamdev and Sepulchre, Rodolphe},
  journal={SIAM Journal on Optimization},
  volume={26},
  number={1},
  pages={635--660},
  year={2016},
  publisher={SIAM}
}

@article{moakher2002means,
  title={Means and averaging in the group of rotations},
  author={Moakher, Maher},
  journal={SIAM journal on matrix analysis and applications},
  volume={24},
  number={1},
  pages={1--16},
  year={2002},
  publisher={SIAM}
}


@article{moakher2005differential,
  title={A differential geometric approach to the geometric mean of symmetric positive-definite matrices},
  author={Moakher, Maher},
  journal={SIAM Journal on Matrix Analysis and Applications},
  volume={26},
  number={3},
  pages={735--747},
  year={2005},
  publisher={SIAM}
}


@article{moore1981principal,
  title={Principal component analysis in linear systems: Controllability, observability, and model reduction},
  author={Moore, Bruce C},
  journal={Automatic Control, IEEE Transactions on},
  volume={26},
  number={1},
  pages={17--32},
  year={1981},
  publisher={IEEE}
}

@inproceedings{moreno2003kullback,
  title={A Kullback-Leibler divergence based kernel for SVM classification in multimedia applications},
  author={Moreno, Pedro J and Ho, Purdy P and Vasconcelos, Nuno},
  booktitle={Advances in neural information processing systems},
  pages={None},
  year={2003}
}

@Article{nemirov09,
  author =       {A. Nemirovski and A. Juditsky and G. Lan and A. Shapiro},
  title =        {Robust Stochastic Approximation Approach to Stochastic
                  Programming},
  publisher =    {SIAM},
  year =         2009,
  journal =      {SIAM Journal on Optimization},
  volume =       19,
  number =       4,
  pages =        {1574-1609},
}

@article{nemirovski2004prox,
  title={Prox-method with rate of convergence O (1/t) for variational inequalities with Lipschitz continuous monotone operators and smooth convex-concave saddle point problems},
  author={Nemirovski, Arkadi},
  journal={SIAM Journal on Optimization},
  volume={15},
  number={1},
  pages={229--251},
  year={2004},
  publisher={SIAM}
}

@Book{nemirovsky1983problem,
  title={Problem complexity and method efficiency in optimization},
  author={Nemirovsky, Arkadi{\u\i} Semenovich and Yudin, David Borisovich},
  year={1983},
  publisher={Wiley},
}

@InProceedings{nesterov1983method,
  title={A method of solving a convex programming problem with convergence rate ${O}(1/k^2)$},
  author={Nesterov, Yurii},
  booktitle={Soviet Mathematics Doklady},
  volume={27(2)},
  pages={372--376},
  year={1983}
}

@article{nesterov2002riemannian,
  title={On the Riemannian geometry defined by self-concordant barriers and interior-point methods},
  author={Nesterov, Yu E and Todd, Michael J and others},
  journal={Foundations of Computational Mathematics},
  volume={2},
  number={4},
  pages={333--361},
  year={2002},
  publisher={Springer}
}

@book{nesterov2004introductory,
  title={Introductory lectures on convex optimization},
  author={Nesterov, Yurii},
  volume={87},
  year={2004},
  publisher={Springer Science \& Business Media}
}

@article{nesterov2009primal,
  title={Primal-dual subgradient methods for convex problems},
  author={Nesterov, Yurii},
  journal={Mathematical programming},
  volume={120},
  number={1},
  pages={221--259},
  year={2009},
  publisher={Springer}
}

@inproceedings{ngo2012scaled,
  title={Scaled gradients on Grassmann manifolds for matrix completion},
  author={Ngo, Thanh and Saad, Yousef},
  booktitle={Advances in Neural Information Processing Systems},
  pages={1412--1420},
  year={2012}
}

@article{noakes1998global,
  title={A global algorithm for geodesics},
  author={Noakes, Lyle},
  journal={Journal of the Australian Mathematical Society (Series A)},
  volume={65},
  number={01},
  pages={37--50},
  year={1998},
  publisher={Cambridge Univ Press}
}

@book{nocedal2006numerical,
  title={Numerical optimization},
  author={Nocedal, Jorge and Wright, Stephen},
  year={2006},
  publisher={Springer Science \& Business Media}
}

@article{nye2011principal,
  title={Principal components analysis in the space of phylogenetic trees},
  author={Nye, Tom MW},
  journal={The Annals of Statistics},
  pages={2716--2739},
  year={2011},
  publisher={JSTOR}
}

@article{oja1992principal,
  title={Principal components, minor components, and linear neural networks},
  author={Oja, Erkki},
  journal={Neural Networks},
  volume={5},
  number={6},
  pages={927--935},
  year={1992},
  publisher={Elsevier}
}

@article{ollivier2009ricci,
  title={Ricci curvature of Markov chains on metric spaces},
  author={Ollivier, Yann},
  journal={Journal of Functional Analysis},
  volume={256},
  number={3},
  pages={810--864},
  year={2009},
  publisher={Elsevier}
}

@article{ollivier2011information,
  title={Information-geometric optimization algorithms: A unifying picture via invariance principles},
  author={Ollivier, Yann and Arnold, Ludovic and Auger, Anne and Hansen, Nikolaus},
  journal={arXiv:1106.3708},
  year={2011}
}

@article{owen2011fast,
  title={A fast algorithm for computing geodesic distances in tree space},
  author={Owen, Megan and Provan, J Scott},
  journal={IEEE/ACM Transactions on Computational Biology and Bioinformatics (TCBB)},
  volume={8},
  number={1},
  pages={2--13},
  year={2011},
  publisher={IEEE Computer Society Press}
}

@article{pang2008gabor,
  title={Gabor-based region covariance matrices for face recognition},
  author={Pang, Yanwei and Yuan, Yuan and Li, Xuelong},
  journal={IEEE Transactions on Circuits and Systems for Video Technology},
  volume={18},
  number={7},
  pages={989--993},
  year={2008},
  publisher={Institute of Electrical and Electronics Engineers}
}

@book{papadopoulos2005metric,
  title={Metric spaces, convexity and nonpositive curvature},
  author={Papadopoulos, Athanase},
  volume={6},
  year={2005},
  publisher={European mathematical society}
}

@article{pelletier2005kernel,
  title={Kernel density estimation on Riemannian manifolds},
  author={Pelletier, Bruno},
  journal={Statistics \& probability letters},
  volume={73},
  number={3},
  pages={297--304},
  year={2005},
  publisher={Elsevier}
}

@inproceedings{pennec1999probabilities,
  title={Probabilities and statistics on Riemannian manifolds: Basic tools for geometric measurements.},
  author={Pennec, Xavier},
  booktitle={NSIP},
  pages={194--198},
  year={1999},
  organization={Citeseer}
}

@article{pennec2006intrinsic,
  title={Intrinsic statistics on Riemannian manifolds: Basic tools for geometric measurements},
  author={Pennec, Xavier},
  journal={Journal of Mathematical Imaging and Vision},
  volume={25},
  number={1},
  pages={127--154},
  year={2006},
  publisher={Springer}
}

@article{pennec2006riemannian,
  title={A {R}iemannian framework for tensor computing},
  author={Pennec, Xavier and Fillard, Pierre and Ayache, Nicholas},
  journal={International Journal of Computer Vision},
  volume={66},
  number={1},
  pages={41--66},
  year={2006},
  publisher={Springer}
}

@article{pennec2006riemannian,
  title={A Riemannian framework for tensor computing},
  author={Pennec, Xavier and Fillard, Pierre and Ayache, Nicholas},
  journal={International Journal of Computer Vision},
  volume={66},
  number={1},
  pages={41--66},
  year={2006},
  publisher={Springer}
}

@book{petersen2006riemannian,
  title={Riemannian geometry},
  author={Petersen, Peter},
  volume={171},
  year={2006},
  publisher={Springer Science \& Business Media}
}

@ARTICLE{pitaval2015convergence,
author={Pitaval, R.-A. and Wei Dai and Tirkkonen, O.},
journal={Information Theory, IEEE Transactions on},
title={Convergence of Gradient Descent for Low-Rank Matrix Approximation},
year={2015},
volume={61},
number={8},
pages={4451-4457},
keywords={gradient; low-rank},
doi={10.1109/TIT.2015.2448695},
ISSN={0018-9448},
month={Aug},}

@inproceedings{porikli2006covariance,
  title={Covariance tracking using model update based on lie algebra},
  author={Porikli, Fatih and Tuzel, Oncel and Meer, Peter},
  booktitle={Computer Vision and Pattern Recognition, 2006 IEEE Computer Society Conference on},
  volume={1},
  pages={728--735},
  year={2006},
  organization={IEEE}
}

@article{rahman2005multiscale,
  title={Multiscale representations for manifold-valued data},
  author={Rahman, Inam Ur and Drori, Iddo and Stodden, Victoria C and Donoho, David L and Schr{\"o}der, Peter},
  journal={Multiscale Modeling \& Simulation},
  volume={4},
  number={4},
  pages={1201--1232},
  year={2005},
  publisher={SIAM}
}

@inproceedings{rakhlin2012making,
  title={Making Gradient Descent Optimal for Strongly Convex Stochastic Optimization},
  author={Rakhlin, Alexander and Shamir, Ohad and Sridharan, Karthik},
  booktitle={Proceedings of the 29th International Conference on Machine Learning (ICML-12)},
  pages={449--456},
  year={2012}
}

@article{raskutti2015information,
  title={The Information Geometry of Mirror Descent},
  author={Raskutti, Garvesh and Mukherjee, Sayan},
  journal={Information Theory, IEEE Transactions on},
  volume={61},
  number={3},
  pages={1451--1457},
  year={2015},
  publisher={IEEE}
}

@article{rasmussen2006gaussian,
  title={Gaussian processes for machine learning},
  author={Rasmussen, Carl Edward},
  year={2006},
  publisher={Citeseer}
}

@inproceedings{recht2011hogwild,
  title={Hogwild: A lock-free approach to parallelizing stochastic gradient descent},
  author={Recht, Benjamin and Re, Christopher and Wright, Stephen and Niu, Feng},
  booktitle={Advances in Neural Information Processing Systems},
  pages={693--701},
  year={2011}
}

@article{reddi2015variance,
  title={On Variance Reduction in Stochastic Gradient Descent and its Asynchronous Variants},
  author={Reddi, Sashank J and Hefny, Ahmed and Sra, Suvrit and P{\'o}czos, Barnab{\'a}s and Smola, Alex},
  journal={arXiv:1506.06840},
  year={2015}
}

@article{reeb2011hilbert,
  title={Hilbert's projective metric in quantum information theory},
  author={Reeb, David and Kastoryano, Michael J and Wolf, Michael M},
  journal={Journal of mathematical physics},
  volume={52},
  number={8},
  pages={082201},
  year={2011},
  publisher={AIP Publishing}
}

@inproceedings{rezende2014stochastic,
  title={Stochastic Backpropagation and Approximate Inference in Deep Generative Models},
  author={Rezende, Danilo J and Mohamed, Shakir and Wierstra, Daan},
  booktitle={Proceedings of the 31st International Conference on Machine Learning (ICML-14)},
  pages={1278--1286},
  year={2014}
}

@article{robmon51,
  author =   {Robbins, H. and Monro, S.},
  journal =  {Annals of Mathematical Statistics},
  pages =  {400-407},
  title =  {A stochastic approximation method},
  volume =   22,
  year =   1951
}

@book{rockafellar1970convex,
  title={Convex analysis},
  author={Rockafellar, Ralph Tyrell},
  year={1970},
  publisher={Princeton university press}
}

@Book{rockafellar1970convex,
  title={Convex analysis},
  author={Rockafellar, Ralph Tyrell},
  year={1970},
  publisher={Princeton university press}
}


@inproceedings{roux2012stochastic,
  title={A stochastic gradient method with an exponential convergence \_rate for finite training sets},
  author={Roux, Nicolas L and Schmidt, Mark and Bach, Francis R},
  booktitle={Advances in Neural Information Processing Systems},
  pages={2663--2671},
  year={2012}
}

@article{roweis2000nonlinear,
  title={Nonlinear dimensionality reduction by locally linear embedding},
  author={Roweis, Sam T and Saul, Lawrence K},
  journal={Science},
  volume={290},
  number={5500},
  pages={2323--2326},
  year={2000},
  publisher={American Association for the Advancement of Science}
}

@article{roy1989esprit,
  title={ESPRIT-estimation of signal parameters via rotational invariance techniques},
  author={Roy, Richard and Kailath, Thomas},
  journal={Acoustics, Speech and Signal Processing, IEEE Transactions on},
  volume={37},
  number={7},
  pages={984--995},
  year={1989},
  publisher={IEEE}
}

@book{rubinstein2011simulation,
  title={Simulation and the Monte Carlo method},
  author={Rubinstein, Reuven Y and Kroese, Dirk P},
  volume={707},
  year={2011},
  publisher={John Wiley \& Sons}
}

@article {samir2012gradient,
   author = {Samir, Chafik and Absil, P.-A. and Srivastava, Anuj and Klassen, Eric},
   title = {A Gradient-Descent Method for Curve Fitting on {Riemannian} Manifolds},
   journal = {Foundations of Computational Mathematics},
   publisher = {Springer New York},
   issn = {1615-3375},
   pages = {49--73},
   volume = {12},
   issue = {1},
   url = {http://dx.doi.org/10.1007/s10208-011-9091-7},
   doi = {10.1007/s10208-011-9091-7},
   year = {2012}
}

@phdthesis{saunderson2015semidefinite,
  title={Semidefinite representations with applications in estimation and inference},
  author={Saunderson, James Francis},
  year={2015},
  school={Massachusetts Institute of Technology}
}

@article{schmidt1986multiple,
  title={Multiple emitter location and signal parameter estimation},
  author={Schmidt, Ralph O},
  journal={Antennas and Propagation, IEEE Transactions on},
  volume={34},
  number={3},
  pages={276--280},
  year={1986},
  publisher={IEEE}
}

@incollection{schmidt2006shape,
  title={Shape matching by variational computation of geodesics on a manifold},
  author={Schmidt, Frank R and Clausen, Michael and Cremers, Daniel},
  booktitle={Pattern recognition},
  pages={142--151},
  year={2006},
  publisher={Springer}
}

@article{schmidt2013minimizing,
  title={Minimizing finite sums with the stochastic average gradient},
  author={Schmidt, Mark and Roux, Nicolas Le and Bach, Francis},
  journal={arXiv:1309.2388},
  year={2013}
}

@article{shalev2011online,
  title={Online learning and online convex optimization},
  author={Shalev-Shwartz, Shai},
  journal={Foundations and Trends in Machine Learning},
  volume={4},
  number={2},
  pages={107--194},
  year={2011}
}

@article{shalev2013stochastic,
  title={Stochastic dual coordinate ascent methods for regularized loss},
  author={Shalev-Shwartz, Shai and Zhang, Tong},
  journal={The Journal of Machine Learning Research},
  volume={14},
  number={1},
  pages={567--599},
  year={2013},
  publisher={JMLR. org}
}

@article{shalev2015sdca,
  title={SDCA without duality},
  author={Shalev-Shwartz, Shai},
  journal={arXiv:1502.06177},
  year={2015}
}

@inproceedings{shalit2010online,
  title={Online learning in the manifold of low-rank matrices},
  author={Shalit, Uri and Weinshall, Daphna and Chechik, Gal},
  booktitle={Advances in neural information processing systems},
  pages={2128--2136},
  year={2010}
}

@inproceedings{shalit2014coordinate,
  title={Coordinate-descent for learning orthogonal matrices through Givens rotations},
  author={Shalit, Uri and Chechik, Gal},
  booktitle={Proceedings of the 31st International Conference on Machine Learning (ICML-14)},
  pages={548--556},
  year={2014}
}


@inproceedings{shamir2013stochastic,
  title={Stochastic Gradient Descent for Non-smooth Optimization: Convergence Results and Optimal Averaging Schemes},
  author={Shamir, Ohad and Zhang, Tong},
  booktitle={Proceedings of the 30th International Conference on Machine Learning (ICML-13)},
  pages={71--79},
  year={2013}
}

@inproceedings{shamir2015stochastic,
  title={{A Stochastic PCA and SVD Algorithm with an Exponential Convergence Rate}},
  author={Shamir, Ohad},
  booktitle={International Conference on Machine Learning (ICML-15)},
  pages={144--152},
  year={2015}
}

@article{shen2009fast,
  title={Fast kernel-based independent component analysis},
  author={Shen, Hao and Jegelka, Stefanie and Gretton, Arthur},
  journal={Signal Processing, IEEE Transactions on},
  volume={57},
  number={9},
  pages={3498--3511},
  year={2009},
  publisher={IEEE}
}

@incollection{shi2009intrinsic,
  title={Intrinsic regression models for manifold-valued data},
  author={Shi, Xiaoyan and Styner, Martin and Lieberman, Jeffrey and Ibrahim, Joseph G and Lin, Weili and Zhu, Hongtu},
  booktitle={Medical Image Computing and Computer-Assisted Intervention--MICCAI 2009},
  pages={192--199},
  year={2009},
  publisher={Springer}
}

@inproceedings{shrivastava2014new,
  title={A new space for comparing graphs},
  author={Shrivastava, Ashish and Li, Ping},
  booktitle={Advances in Social Networks Analysis and Mining (ASONAM), 2014 IEEE/ACM International Conference on},
  pages={62--71},
  year={2014},
  organization={IEEE}
}

@inproceedings{sminchisescu2004generative,
  title={Generative modeling for continuous non-linearly embedded visual inference},
  author={Sminchisescu, Cristian and Jepson, Allan},
  booktitle={Proceedings of the twenty-first international conference on Machine learning},
  pages={96},
  year={2004},
  organization={ACM}
}

@article{smith1994optimization,
  title={Optimization techniques on Riemannian manifolds},
  author={Smith, Steven T},
  journal={Fields institute communications},
  volume={3},
  number={3},
  pages={113--135},
  year={1994}
}

@article{smith2013geometric,
  title={Geometric optimization methods for adaptive filtering},
  author={Smith, Steven Thomas},
  journal={arXiv:1305.1886},
  year={2013}
}

@inproceedings{sommer2009bicycle,
  title={Bicycle chain shape models},
  author={Sommer, Svenja and Tatu, Aditya and Chen, Chen and Jurgensen, Dan R and de Bruijne, Marleen and Loog, Marco and Nielsen, Mads and Lauze, Francois},
  booktitle={Computer Vision and Pattern Recognition Workshops, 2009. CVPR Workshops 2009. IEEE Computer Society Conference on},
  pages={157--163},
  year={2009},
  organization={IEEE}
}

% surveys linear dim red problems as opt on matrix manifolds
@incollection{sommer2010manifold,
  title={Manifold valued statistics, exact principal geodesic analysis and the effect of linear approximations},
  author={Sommer, Stefan and Lauze, Fran{\c{c}}ois and Hauberg, S{\o}ren and Nielsen, Mads},
  booktitle={Computer Vision--ECCV 2010},
  pages={43--56},
  year={2010},
  publisher={Springer}
}

@article{sommer2014optimization,
  title={Optimization over geodesics for exact principal geodesic analysis},
  author={Sommer, Stefan and Lauze, Fran{\c{c}}ois and Nielsen, Mads},
  journal={Advances in Computational Mathematics},
  volume={40},
  number={2},
  pages={283--313},
  year={2014},
  publisher={Springer}
}

@incollection{sra2011generalized,
  title={Generalized dictionary learning for symmetric positive definite matrices with application to nearest neighbor retrieval},
  author={Sra, Suvrit and Cherian, Anoop},
  booktitle={Machine Learning and Knowledge Discovery in Databases},
  pages={318--332},
  year={2011},
  publisher={Springer}
}

@inproceedings{sra2012new,
  title={A new metric on the manifold of kernel matrices with application to matrix geometric means},
  author={Sra, Suvrit},
  booktitle={Advances in Neural Information Processing Systems},
  pages={144--152},
  year={2012}
}

@inproceedings{sra2013geometric,
  title={Geometric optimisation on positive definite matrices for elliptically contoured distributions},
  author={Sra, Suvrit and Hosseini, Reshad},
  booktitle={Advances in Neural Information Processing Systems},
  pages={2562--2570},
  year={2013}
}


@Article{sra2015conic,
author = {Suvrit Sra and Reshad Hosseini},
title = {{Conic Geometric Optimization on the Manifold of Positive Definite Matrices}},
volume = {25},
number = {1},
pages  = {713--739},
journal = {SIAM J. Optimization (SIOPT)},
year = {2015},
}

@inproceedings{steinke2009non,
  title={Non-parametric regression between manifolds},
  author={Steinke, Florian and Hein, Matthias},
  booktitle={Advances in Neural Information Processing Systems},
  pages={1561--1568},
  year={2009}
}

@article{strohmer2003grassmannian,
  title={Grassmannian frames with applications to coding and communication},
  author={Strohmer, Thomas and Heath, Robert W},
  journal={Applied and computational harmonic analysis},
  volume={14},
  number={3},
  pages={257--275},
  year={2003},
  publisher={Elsevier}
}

@article{sturm2003probability,
  title={Probability measures on metric spaces of nonpositive curvature},
  author={Sturm, Karl-Theodor},
  journal={Heat Kernels and Analysis on Manifolds, Graphs, and Metric Spaces: Lecture Notes from a Quarter Program on Heat Kernels, Random Walks, and Analysis on Manifolds and Graphs: April 16-July 13, 2002, Emile Borel Centre of the Henri Poincar{\'e} Institute, Paris, France},
  volume={338},
  pages={357},
  year={2003},
  publisher={American Mathematical Soc.}
}

@inproceedings{su2014differential,
	title={A differential equation for modeling {N}esterov’s accelerated gradient method: Theory and insights},
	author={Su, Weijie and Boyd, Stephen and Candes, Emmanuel},
	booktitle={Advances in Neural Information Processing Systems},
	pages={2510--2518},
	year={2014}
}

@article{sun2017complete,
  title={Complete dictionary recovery over the sphere {I}: Overview and the geometric picture},
  author={Sun, Ju and Qu, Qing and Wright, John},
  journal={IEEE Transactions on Information Theory},
  volume={63},
  number={2},
  pages={853--884},
  year={2017},
  publisher={IEEE}
}

@Article{sun2015completeb,
  title={Complete Dictionary Recovery over the Sphere {II}: Recovery by {R}iemannian Trust-region Method},
  author={Sun, Ju and Qu, Qing and Wright, John},
  journal={arXiv:1511.04777},
  year={2015}
}

@inproceedings{tan2014riemannian,
  title={Riemannian pursuit for big matrix recovery},
  author={Tan, Mingkui and Tsang, Ivor W and Wang, Li and Vandereycken, Bart and Pan, Sinno J},
  booktitle={Proceedings of the 31st International Conference on Machine Learning (ICML-14)},
  pages={1539--1547},
  year={2014}
}

@article{tenenbaum2000global,
  title={A global geometric framework for nonlinear dimensionality reduction},
  author={Tenenbaum, Joshua B and De Silva, Vin and Langford, John C},
  journal={Science},
  volume={290},
  number={5500},
  pages={2319--2323},
  year={2000},
  publisher={American Association for the Advancement of Science}
}

@article{tibshirani1996regression,
  title={Regression shrinkage and selection via the lasso},
  author={Tibshirani, Robert},
  journal={Journal of the Royal Statistical Society. Series B (Methodological)},
  pages={267--288},
  year={1996},
  publisher={JSTOR}
}

@article{tseng2009accelerated,
  title={On accelerated proximal gradient methods for convex-concave optimization},
  author={Tseng, Paul},
  journal={Submitted to SIAM J. Optim},
  year={2009}
}

@article{turaga2011statistical,
  title={Statistical computations on Grassmann and Stiefel manifolds for image and video-based recognition},
  author={Turaga, Pavan and Veeraraghavan, Ashok and Srivastava, Anurag and Chellappa, Rama},
  journal={Pattern Analysis and Machine Intelligence, IEEE Transactions on},
  volume={33},
  number={11},
  pages={2273--2286},
  year={2011},
  publisher={IEEE}
}

@incollection{tuzel2006region,
  title={Region covariance: A fast descriptor for detection and classification},
  author={Tuzel, Oncel and Porikli, Fatih and Meer, Peter},
  booktitle={Computer Vision--ECCV 2006},
  pages={589--600},
  year={2006},
  publisher={Springer}
}

@inproceedings{tuzel2007human,
  title={Human detection via classification on riemannian manifolds},
  author={Tuzel, Oncel and Porikli, Fatih and Meer, Peter},
  booktitle={Computer Vision and Pattern Recognition, 2007. CVPR'07. IEEE Conference on},
  pages={1--8},
  year={2007},
  organization={IEEE}
}

@article{udell2014generalized,
  title={Generalized low rank models},
  author={Udell, Madeleine and Horn, Corinne and Zadeh, Reza and Boyd, Stephen},
  journal={arXiv:1410.0342},
  year={2014}
}

@book{udriste1994convex,
  title={Convex functions and optimization methods on Riemannian manifolds},
  author={Udriste, Constantin},
  volume={297},
  year={1994},
  publisher={Springer Science \& Business Media}
}


@inproceedings{urtasun2005priors,
  title={Priors for people tracking from small training sets},
  author={Urtasun, Raquel and Fleet, David J and Hertzmann, Aaron and Fua, Pascal},
  booktitle={Computer Vision, 2005. ICCV 2005. Tenth IEEE International Conference on},
  volume={1},
  pages={403--410},
  year={2005},
  organization={IEEE}
}

@article{vandereycken2010riemannian,
  title={A Riemannian optimization approach for computing low-rank solutions of Lyapunov equations},
  author={Vandereycken, Bart and Vandewalle, Stefan},
  journal={SIAM Journal on Matrix Analysis and Applications},
  volume={31},
  number={5},
  pages={2553--2579},
  year={2010},
  publisher={SIAM}
}

@phdthesis{vandereycken2010thesis,
  Author = {Vandereycken, B.},
  Month = {Dec.},
  Pdf = {http://www.unige.ch/math/vandereycken/papers/phd_Vandereycken.pdf},
  School = {Department of Computer Science, KU Leuven},
  Title = {Riemannian and multilevel optimization for rank-constrained matrix problems},
  Year = {2010}}

@article{vandereycken2013low,
  title={Low-rank matrix completion by Riemannian optimization},
  author={Vandereycken, Bart},
  journal={SIAM Journal on Optimization},
  volume={23},
  number={2},
  pages={1214--1236},
  year={2013},
  publisher={SIAM}
}


@article{veeraraghavan2005matching,
  title={Matching shape sequences in video with applications in human movement analysis},
  author={Veeraraghavan, Ashok and Roy-Chowdhury, Amit K and Chellappa, Rama},
  journal={Pattern Analysis and Machine Intelligence, IEEE Transactions on},
  volume={27},
  number={12},
  pages={1896--1909},
  year={2005},
  publisher={IEEE}
}

@inproceedings{vemulapalli2013kernel,
  title={Kernel learning for extrinsic classification of manifold features},
  author={Vemulapalli, Raviteja and Pillai, Jaishanker K and Chellappa, Rama},
  booktitle={Computer Vision and Pattern Recognition (CVPR), 2013 IEEE Conference on},
  pages={1782--1789},
  year={2013},
  organization={IEEE}
}

@book{villani2008optimal,
  title={Optimal transport: old and new},
  author={Villani, C{\'e}dric},
  volume={338},
  year={2008},
  publisher={Springer Science \& Business Media}
}

@inproceedings{wakin2005multiscale,
  title={The multiscale structure of non-differentiable image manifolds},
  author={Wakin, Michael B and Donoho, David L and Choi, Hyeokho and Baraniuk, Richard G},
  booktitle={Optics \& Photonics 2005},
  pages={59141B--59141B},
  year={2005},
  organization={International Society for Optics and Photonics}
}

@article{wang2007object,
  title={Object oriented data analysis: Sets of trees},
  author={Wang, Haonan and Marron, JS and others},
  journal={The Annals of Statistics},
  volume={35},
  number={5},
  pages={1849--1873},
  year={2007},
  publisher={Institute of Mathematical Statistics}
}

@article{wang2015low,
  author    = {Boyue Wang and
               Yongli Hu and
               Junbin Gao and
               Yanfeng Sun and
               Baocai Yin},
  title     = {Low Rank Representation on Grassmann Manifolds: An Extrinsic Perspective},
  journal   = {CoRR},
  volume    = {abs/1504.01807},
  year      = {2015},
  url       = {http://arxiv.org/abs/1504.01807},
  timestamp = {Sat, 02 May 2015 17:50:32 +0200},
  biburl    = {http://dblp.uni-trier.de/rec/bib/journals/corr/WangHGSY15a},
  bibsource = {dblp computer science bibliography, http://dblp.org}
}

@Article{weiCai15,
  author =       {Ke Wei and Jian-Feng Cai and Tony F. Chan and Shingyu Leung},
  title =        {Guarantees of {R}iemannian Optimization for Low Rank Matrix Recovery},
  journal =      {arXiv:1511.01562},
  year =         {2015},
  OPTkey =       {},
  OPTvolume =    {},
  OPTnumber =    {},
  OPTpages =     {},
  OPTmonth =     {},
  OPTnote =      {},
  OPTannote =    {}
}

@article{wibisono2016variational,
	title={A variational perspective on accelerated methods in optimization},
	author={Wibisono, Andre and Wilson, Ashia C and Jordan, Michael I},
	journal={Proceedings of the National Academy of Sciences},
	pages={201614734},
	year={2016},
	publisher={National Acad Sciences}
}

@article{wiesel2012geodesic,
  title={Geodesic convexity and covariance estimation},
  author={Wiesel, Ami},
  journal={Signal Processing, IEEE Transactions on},
  volume={60},
  number={12},
  pages={6182--6189},
  year={2012},
  publisher={IEEE}
}

@article{wiesel2012geodesic,
  title={Geodesic convexity and covariance estimation},
  author={Wiesel, Ami},
  journal={IEEE Transactions on Signal Processing},
  volume={60},
  number={12},
  pages={6182--6189},
  year={2012},
  publisher={IEEE}
}

@article{wilson2010generalised,
  title={Generalised Wishart Processes},
  author={Wilson, Andrew Gordon and Ghahramani, Zoubin},
  journal={Uncertainty in Artificial Intelligence (2011)},
  year={2010}
}

@phdthesis{wilson2014thesis,
  title={Covariance kernels for fast automatic pattern discovery and extrapolation with Gaussian processes},
  author={Wilson, Andrew Gordon},
  year={2014},
  school={University of Cambridge}
}

@article{xiao2014proximal,
  title={A proximal stochastic gradient method with progressive variance reduction},
  author={Xiao, Lin and Zhang, Tong},
  journal={SIAM Journal on Optimization},
  volume={24},
  number={4},
  pages={2057--2075},
  year={2014},
  publisher={SIAM}
}

@article{yang2007globally,
  title={Globally convergent optimization algorithms on Riemannian manifolds: Uniform framework for unconstrained and constrained optimization},
  author={Yang, Yaguang},
  journal={Journal of Optimization Theory and Applications},
  volume={132},
  number={2},
  pages={245--265},
  year={2007},
  publisher={Springer}
}

@phdthesis{yang2011medians,
  title={Medians of probability measures in Riemannian manifolds and applications to radar target detection},
  author={Yang, Le},
  year={2011},
  school={Universit{\'e} de Poitiers}
}

@incollection{ye2008speech,
  title={Speech emotion classification on a Riemannian manifold},
  author={Ye, Chengxi and Liu, Jia and Chen, Chun and Song, Mingli and Bu, Jiajun},
  booktitle={Advances in Multimedia Information Processing-PCM 2008},
  pages={61--69},
  year={2008},
  publisher={Springer}
}

@inproceedings{yger2013review,
  title={A review of kernels on covariance matrices for bci applications},
  author={Yger, Florian},
  booktitle={Machine Learning for Signal Processing (MLSP), 2013 IEEE International Workshop on},
  pages={1--6},
  year={2013},
  organization={IEEE}
}

@article{younes2009evolutions,
  title={Evolutions equations in computational anatomy},
  author={Younes, Laurent and Arrate, Felipe and Miller, Michael I},
  journal={NeuroImage},
  volume={45},
  number={1},
  pages={S40--S50},
  year={2009},
  publisher={Elsevier}
}

@article{yuan2007model,
  title={Model selection and estimation in the Gaussian graphical model},
  author={Yuan, Ming and Lin, Yi},
  journal={Biometrika},
  volume={94},
  number={1},
  pages={19--35},
  year={2007},
  publisher={Biometrika Trust}
}

@article{yuan2016riemannian,
  title={A Riemannian Limited-memory BFGS Algorithm for Computing the Matrix Geometric Mean},
  author={Yuan, Xinru and Huang, Wen and Absil, Pierre-Antoine and Gallivan, Kyle},
  journal={Procedia Computer Science},
  volume={80},
  pages={2147--2157},
  year={2016},
  publisher={Elsevier}
}

@article{zhang2013multivariate,
  title={Multivariate generalized gaussian distribution: Convexity and graphical models},
  author={Zhang, Teng and Wiesel, Ami and Greco, Maria S},
  journal={Signal Processing, IEEE Transactions on},
  volume={61},
  number={16},
  pages={4141--4148},
  year={2013},
  publisher={IEEE}
}

@article{zhang2013multivariate,
  title={Multivariate generalized {G}aussian distribution: {C}onvexity and graphical models},
  author={Zhang, Teng and Wiesel, Ami and Greco, Maria S},
  journal={Signal Processing, IEEE Transactions on},
  volume={61},
  number={16},
  pages={4141--4148},
  year={2013},
  publisher={IEEE}
}

@article{zhang2013multivariate,
  title={Multivariate generalized {G}aussian distribution: {C}onvexity and graphical models},
  author={Zhang, Teng and Wiesel, Ami and Greco, Maria S},
  journal={Signal Processing, IEEE Transactions on},
  volume={61},
  number={16},
  pages={4141--4148},
  year={2013},
  publisher={IEEE}
}

@inproceedings{zhang2016first,
  title={First-order Methods for Geodesically Convex Optimization},
  author={Zhang, Hongyi and Sra, Suvrit},
  booktitle={29th Annual Conference on Learning Theory (COLT)},
  pages={1617--1638},
  year={2016}
}

@inproceedings{zhang2016riemannian,
 title = {Riemannian {SVRG}: Fast Stochastic Optimization on {R}iemannian Manifolds},
 author = {Zhang, Hongyi and J. Reddi, Sashank and Sra, Suvrit},
 booktitle = {Advances in Neural Information Processing Systems 29},
 year = {2016}
}

@article{zhao2015fast,
  title={Fast Asynchronous Parallel Stochastic Gradient Decent},
  author={Zhao, Shen-Yi and Li, Wu-Jun},
  journal={arXiv:1508.05711},
  year={2015}
}

@incollection{zheng2010emotion,
  title={Emotion recognition from arbitrary view facial images},
  author={Zheng, Wenming and Tang, Hao and Lin, Zhouchen and Huang, Thomas S},
  booktitle={Computer Vision--ECCV 2010},
  pages={490--503},
  year={2010},
  publisher={Springer}
}

@inproceedings{zinkevich2010parallelized,
  title={Parallelized stochastic gradient descent},
  author={Zinkevich, Martin and Weimer, Markus and Li, Lihong and Smola, Alex J},
  booktitle={Advances in neural information processing systems},
  pages={2595--2603},
  year={2010}
}

@article{zomorodian2005computing,
  title={Computing persistent homology},
  author={Zomorodian, Afra and Carlsson, Gunnar},
  journal={Discrete \& Computational Geometry},
  volume={33},
  number={2},
  pages={249--274},
  year={2005},
  publisher={Springer}
}

@article{zou2006sparse,
  title={Sparse principal component analysis},
  author={Zou, Hui and Hastie, Trevor and Tibshirani, Robert},
  journal={Journal of computational and graphical statistics},
  volume={15},
  number={2},
  pages={265--286},
  year={2006},
  publisher={Taylor \& Francis}
}

@article{Polyak1963,
  year  = {1963},
  month = {January},
  publisher = {Elsevier {BV}},
  volume = {3},
  number = {4},
  pages = {864--878},
  author = {B.T. Polyak},
  title = {Gradient methods for the minimisation of functionals},
  journal = {{USSR} Computational Mathematics and Mathematical Physics}
}

@article{attouch2013convergence,
  title={Convergence of descent methods for semi-algebraic and tame problems: proximal algorithms, forward--backward splitting, and regularized {G}auss--{S}eidel methods},
  author={Attouch, Hedy and Bolte, J{\'e}r{\^o}me and Svaiter, Benar Fux},
  journal={Mathematical Programming},
  volume={137},
  number={1-2},
  pages={91--129},
  year={2013},
  publisher={Springer}
}

@book{nesterov1994interior,
  title={Interior-point polynomial algorithms in convex programming},
  author={Nesterov, Yurii and Nemirovskii, Arkadii},
  year={1994},
  publisher={SIAM}
}

@inproceedings{karmarkar1984new,
  title={A new polynomial-time algorithm for linear programming},
  author={Karmarkar, Narendra},
  booktitle={Proceedings of the sixteenth annual ACM symposium on Theory of computing},
  pages={302--311},
  year={1984},
  organization={ACM}
}

@article{khachiyan1980polynomial,
  title={Polynomial algorithms in linear programming},
  author={Khachiyan, Leonid G},
  journal={USSR Computational Mathematics and Mathematical Physics},
  volume={20},
  number={1},
  pages={53--72},
  year={1980},
  publisher={Elsevier}
}

@inproceedings{kawaguchi2016deep,
  title={Deep learning without poor local minima},
  author={Kawaguchi, Kenji},
  booktitle={Advances in Neural Information Processing Systems},
  pages={586--594},
  year={2016}
}

@inproceedings{boumal2016non,
  title={The non-convex {B}urer-{M}onteiro approach works on smooth semidefinite programs},
  author={Boumal, Nicolas and Voroninski, Vlad and Bandeira, Afonso},
  booktitle={Advances in Neural Information Processing Systems},
  pages={2757--2765},
  year={2016}
}

@article{ge2017no,
  title={No Spurious Local Minima in Nonconvex Low Rank Problems: A Unified Geometric Analysis},
  author={Ge, Rong and Jin, Chi and Zheng, Yi},
  journal={arXiv:1704.00708},
  year={2017}
}


@inproceedings{Reddi16,
  author    = {Sashank J. Reddi and Ahmed Hefny and Suvrit Sra and Barnab{\'{a}}s P{\'{o}}czos and Alexander J. Smola},
  title     = {Stochastic Variance Reduction for Nonconvex Optimization},
  booktitle = {Proceedings of the 33nd International Conference on Machine Learning, {ICML}},
  pages     = {314--323},
  year      = {2016},
}


@InProceedings{hazan2015,
  title={Beyond Convexity: Stochastic Quasi-Convex Optimization},
  author={Hazan, Elad and Levy, Kfir and Shalev-Shwartz, Shai},
  booktitle={Advances in Neural Information Processing Systems},
  pages={1585--1593},
  year={2015}
}


@article{Agarwal16,
	author    = {Naman Agarwal and	Zeyuan {Allen Zhu} and	Brian Bullins and Elad Hazan and Tengyu Ma},
	title     = {Finding Approximate Local Minima for Nonconvex Optimization in Linear Time},
	journal   = {CoRR},
	volume    = {abs/1611.01146},
	year      = {2016},
}

@article{Yair16,
	author    = {Yair Carmon and	John C. Duchi and	Oliver Hinder and	Aaron Sidford},
	title     = {Accelerated Methods for Non-Convex Optimization},
	journal   = {CoRR},
	volume    = {abs/1611.00756},
	year      = {2016},
}


@inproceedings{liu2017accelerated,
	title={Accelerated First-order Methods for Geodesically Convex Optimization on {R}iemannian Manifolds},
	author={Liu, Yuanyuan and Shang, Fanhua and Cheng, James and Cheng, Hong and Jiao, Licheng},
	booktitle={Advances in Neural Information Processing Systems},
	pages={4875--4884},
	year={2017}
}

@article{carmon2017convex,
	title={" Convex Until Proven Guilty": Dimension-Free Acceleration of Gradient Descent on Non-Convex Functions},
	author={Carmon, Yair and Hinder, Oliver and Duchi, John C and Sidford, Aaron},
	journal={arXiv preprint arXiv:1705.02766},
	year={2017}
}
