@article{AbbeelKN06,
  author        = {Abbeel, Pieter and Koller, Daphne and Ng, Andrew Y.},
  title         = {Learning Factor Graphs in Polynomial Time and Sample Complexity},
  journal       = {Journal of Machine Learning Research},
  volume        = {7},
  number        = {Aug},
  pages         = {1743--1788},
  year          = {2006},
  publisher     = {JMLR, Inc.}
}

@inproceedings{AcharyaCK15a,
  author        = {Acharya, Jayadev and Canonne, Cl{\'e}ment L. and Kamath, Gautam},
  title         = {Adaptive Estimation in Weighted Group Testing},
  booktitle     = {Proceedings of the 2015 IEEE International Symposium on Information Theory},
  series        = {ISIT '15},
  year          = {2015},
  pages         = {2116--2120},
  publisher     = {IEEE Computer Society},
  address       = {Washington, DC, USA}
}

@inproceedings{AcharyaCK15b,
  author        = {Acharya, Jayadev and Canonne, Cl{\'e}ment L. and Kamath, Gautam},
  title         = {A Chasm Between Identity and Equivalence Testing with Conditional Queries},
  booktitle     = {Proceedings of the 19th International Workshop on Randomness and Computation},
  series        = {RANDOM '15},
  year          = {2015},
  pages         = {449--466},
  publisher     = {Schloss Dagstuhl--Leibniz-Zentrum fuer Informatik},
  address       = {Dagstuhl, Germany}
}

@inproceedings{AcharyaD15,
  author        = {Acharya, Jayadev and Daskalakis, Constantinos},
  title         = {Testing {P}oisson Binomial Distributions},
  booktitle     = {Proceedings of the 26th Annual ACM-SIAM Symposium on Discrete Algorithms},
  series        = {SODA '15},
  year          = {2015},
  pages         = {1829--1840},
  address       = {Philadelphia, PA, USA},
  publisher     = {SIAM}
}

@inproceedings{AcharyaDK15,
  author        = {Acharya, Jayadev and Daskalakis, Constantinos and Kamath, Gautam},
  title         = {Optimal Testing for Properties of Distributions},
  booktitle     = {Advances in Neural Information Processing Systems 28},
  series        = {NIPS '15},
  year          = {2015},
  pages         = {3577--3598},
  publisher     = {Curran Associates, Inc.}
}

@inproceedings{AcharyaDLS17,
  author        = {Acharya, Jayadev and Diakonikolas, Ilias and Li, Jerry and Schmidt, Ludwig},
  title         = {Sample-Optimal Density Estimation in Nearly-Linear Time},
  booktitle     = {Proceedings of the 28th Annual ACM-SIAM Symposium on Discrete Algorithms},
  series        = {SODA '17},
  year          = {2017},
  pages         = {1278--1289},
  address       = {Philadelphia, PA, USA},
  publisher     = {SIAM}
}

@inproceedings{AcharyaDOS17,
  author        = {Acharya, Jayadev and Das, Hirakendu and Orlitsky, Alon and Suresh, Ananda Theertha},
  title         = {A Unified Maximum Likelihood Approach for Estimating Symmetric Properties of Discrete Distributions},
  booktitle     = {Proceedings of the 34th International Conference on Machine Learning},
  series        = {ICML '17},
  year          = {2017},
  pages         = {11--21},
  publisher     = {JMLR, Inc.}
}

@inproceedings{AcharyaJOS14a,
  author        = {Acharya, Jayadev and Jafarpour, Ashkan and Orlitsky, Alon and Suresh, Ananda Theertha},
  title         = {Efficient Compression of Monotone and $m$-Modal Distributions},
  booktitle     = {Proceedings of the 2014 IEEE International Symposium on Information Theory},
  series        = {ISIT '14},
  year          = {2014},
  pages         = {1867--1871},
  publisher     = {IEEE Computer Society},
  address       = {Washington, DC, USA}
}

@inproceedings{AcharyaJOS14b,
  author        = {Acharya, Jayadev and Jafarpour, Ashkan and Orlitsky, Alon and Suresh, Ananda Theertha},
  title         = {Sorting with adversarial comparators and application to density estimation},
  booktitle     = {Proceedings of the 2014 IEEE International Symposium on Information Theory},
  series        = {ISIT '14},
  year          = {2014},
  pages         = {1682--1686},
  publisher     = {IEEE Computer Society},
  address       = {Washington, DC, USA}
}

@article{AcharyaOST17,
  author        = {Acharya, Jayadev and Orlitsky, Alon and Suresh, Ananda Theertha and Tyagi, Himanshu},
  title         = {Estimating R\'enyi Entropy of Discrete Distributions},
  journal       = {IEEE Transactions on Information Theory},
  year          = {2017},
  volume        = {63},
  number        = {1},
  pages         = {38--56},
  publisher     = {IEEE}
}

@article{AcharyaSZ17,
  title         = {Differentially Private Testing of Identity and Closeness of Discrete Distributions},
  author        = {Acharya, Jayadev and Sun, Ziteng and Zhang, Huanyu},
  journal       = {arXiv preprint arXiv:1707.05128},
  year          = {2017}
}

@inproceedings{AchlioptasMcS05,
  author        = {Achlioptas, Dimitris and McSherry, Frank},
  title         = {On Spectral Learning of Mixtures of Distributions},
  booktitle     = {Proceedings of the 18th Annual Conference on Learning Theory},
  series        = {COLT '05},
  year          = {2005},
  pages         = {458--469},
  publisher     = {Springer},
}

@article{AdamW89,
  author        = {Adam, Nabil R. and Worthmann, John C.},
  title         = {Security-Control Methods for Statistical Databases: A Comparative Study},
  journal       = {ACM Computing Surveys (CSUR)},
  volume        = {21},
  number        = {4},
  pages         = {515--556},
  year          = {1989},
  publisher     = {ACM},
  address       = {New York, NY, USA}
}


@article{AdellJ06,
  author        = {Adell, Jos{\'e} A. and Jodr{\'a}, Pedro},
  title         = {Exact {K}olmogorov and Total Variation Distances Between Some Familiar Discrete Distributions},
  journal       = {Journal of Inequalities and Applications},
  volume        = {2006},
  number        = {1},
  pages         = {1--8},
  year          = {2006},
  publisher     = {Springer}
}

@misc{AppleDP17,
  author        = {{Differential Privacy Team, Apple}},
  title         = {Learning with Privacy at Scale},
  year          = {2017},
  month         = {December},
  howpublished  = {\url{https://machinelearning.apple.com/docs/learning-with-privacy-at-scale/appledifferentialprivacysystem.pdf}}
}

@article{Dalenius77,
  author        = {Dalenius, Tore},
  title         = {Towards a Methodology for Statistical Disclosure Control},
  journal       = {Statistisk Tidskrift},
  volume        = {15},
  pages         = {429--444},
  year          = {1977}
}

@inproceedings{AgrawalA01,
  author        = {Agrawal, Dakshi and Aggarwal, Charu C.},
  title         = {On the Design and Quantification of Privacy Preserving Data Mining Algorithms},
  booktitle     = {Proceedings of the 20th ACM SIGMOD-SIGACT-SIGART Symposium on Principles of Database Systems},
  series        = {PODS '01},
  year          = {2001},
  pages         = {247--255},
  publisher     = {ACM},
  address       = {New York, NY, USA}
}

@book{Agresti11,
  author        = {Agresti, Alan},
  publisher     = {Wiley},
  title         = {Categorical Data Analysis},
  year          = {2012}
}

@article{AliakbarpourDR17,
  title         = {Differentially Private Identity and Closeness Testing of Discrete Distributions},
  author        = {Aliakbarpour, Maryam and Diakonikolas, Ilias and Rubinfeld, Ronitt},
  journal       = {arXiv preprint arXiv:1707.05497},
  year          = {2017}
}

@article{AlonBCH97,
  author        = {Alon, Noga and Ben-David, Shai and Cesa-Bianchi, Nicolo and Haussler, David},
  title         = {Scale-sensitive Dimensions, Uniform Convergence, and Learnability},
  journal       = {Journal of the ACM},
  year          = {1997},
  volume        = {44},
  number        = {4},
  pages         = {615--631},
  publisher     = {ACM}
}

@inproceedings{AndersonBGRV14,
  author        = {Anderson, Joseph and Belkin, Mikhail and Goyal, Navin and Rademacher, Luis and Voss, James R.},
  title         = {The More, the Merrier: the Blessing of Dimensionality for Learning Large {G}aussian Mixtures},
  booktitle     = {Proceedings of the 27th Annual Conference on Learning Theory},
  series        = {COLT '14},
  year          = {2014},
  pages         = {1135-1164}
}

@article{Angluin88,
  author        = {Angluin, Dana},
  title         = {Queries and Concept Learning},
  journal       = {Machine Learning},
  volume        = {2},
  number        = {4},
  pages         = {319--342},
  year          = {1988},
  publisher     = {Springer}
}

@inproceedings{Angluin92,
  author        = {Angluin, Dana},
  title         = {Computational Learning Theory: Survey and Selected Bibliography},
  booktitle     = {Proceedings of the 24th Annual ACM Symposium on the Theory of Computing},
  series        = {STOC '92},
  year          = {1992},
  pages         = {351--369},
  publisher     = {ACM},
  address       = {New York, NY, USA}
}

@inproceedings{AroraK01,
  author        = {Arora, Sanjeev and Kannan, Ravi},
  title         = {Learning mixtures of arbitrary {G}aussians},
  booktitle     = {Proceedings of the 33rd Annual ACM Symposium on the Theory of Computing},
  series        = {STOC '01},
  year          = {2001},
  pages         = {247--257},
  publisher     = {ACM},
  address       = {New York, NY, USA}
}

@inproceedings{AroraRZ18,
  author        = {Arora, Sanjeev and Risteski, Andrej and Zhang, Yi},
  title         = {Do {GAN}s learn the distribution? Some Theory and Empirics},
  booktitle     = {Proceedings of the 6th International Conference on Learning Representations},
  series        = {ICLR '18},
  year          = {2018}
}

@inproceedings{BalcanDLMZ17,
  author        = {Balcan, Maria-Florina and Dick, Travis and Liang, Yingyu and Mou, Wenlong and Zhang, Hongyang},
  title         = {Differentially Private Clustering in High-Dimensional Euclidean Spaces},
  booktitle     = {Proceedings of the 34th International Conference on Machine Learning},
  series        = {ICML '17},
  year          = {2017},
  pages         = {322--331},
  publisher     = {JMLR, Inc.}
}

@article{Barbour84,
  author        = {Barbour, Andrew D. and Hall, Peter},
  title         = {On the rate of {P}oisson convergence},
  journal       = {Mathematical Proceedings of the {C}ambridge Philosophical Society},
  volume        = {95},
  number        = {03},
  pages         = {473--480},
  year          = {1984},
  publisher     = {Cambridge University Press}
}

@article{Barbour88,
  author        = {Barbour, Andrew D.},
  journal       = {Journal of Applied Probability},
  pages         = {175--184},
  publisher     = {Applied Probability Trust},
  title         = {{S}tein's method and {P}oisson process convergence},
  volume        = {25},  
  year          = {1988}
}

@article{BarbourC02,
  author        = {Barbour, Andrew D. and {\'C}ekanavi{\'c}ius},
  title         = {Total variation asymptotics for sums of independent integer random variables},
  journal       = {The Annals of Probability},
  volume        = {30},
  number        = {2},
  pages         = {509--545},
  year          = {2002},
  publisher     = {Institute of Mathematical Statistics}
}

@book{BarbourHJ92,
  author        = {Barbour, Andrew D. and Holst, Lars and Janson, Svante},
  title         = {{P}oisson Approximation},
  publisher     = {Oxford University Press},
  address       = {New York},
  year          = {1992}
}

@article{BatsonSS12,
  author        = {Batson, Joshua D. and Spielman, Daniel A. and Srivastava, Nikhil},
  title         = {Twice-{R}amanujan Sparsifiers},
  journal       = {SIAM Journal on Computing},
  year          = {2012},
  volume        = {41},
  number        = {6},
  pages         = {1704--1721},
  publisher     = {SIAM}
}

@article{BatsonSST13,
  author        = {Batson, Joshua D. and Spielman, Daniel A. and Srivastava, Nikhil and Teng, Shang-Hua},
  title         = {Spectral Sparsification of Graphs: Theory and Algorithms},
  journal       = {Communications of the ACM},
  year          = {2013},
  volume        = {56},
  number        = {8},
  pages         = {87--94},
  publisher     = {ACM}
}

@inproceedings{BatuFFKRW01,
  author        = {Batu, Tu\u{g}kan  and Fischer, Eldar and Fortnow, Lance and Kumar, Ravi and Rubinfeld, Ronitt and White, Patrick},
  title         = {Testing Random Variables for Independence and Identity},
  booktitle     = {Proceedings of the 42nd Annual IEEE Symposium on Foundations of Computer Science},
  series        = {FOCS '01},
  year          = {2001},
  pages         = {442--451},
  publisher     = {IEEE Computer Society},
  address       = {Washington, DC, USA},
}

@inproceedings{BatuFRSW00,
  author        = {Batu, Tu\u{g}kan  and Fortnow, Lance and Rubinfeld, Ronitt and Smith, Warren D. and White, Patrick},
  title         = {Testing that Distributions are Close},
  booktitle     = {Proceedings of the 41st Annual IEEE Symposium on Foundations of Computer Science},
  series        = {FOCS '00},
  year          = {2000},
  pages         = {259--269},
  publisher     = {IEEE Computer Society},
  address       = {Washington, DC, USA},
}

@article{BatuFRSW13,
  author        = {Batu, Tu\u{g}kan and Fortnow, Lance and Rubinfeld, Ronitt and Smith, Warren D. and White, Patrick},
  title         = {Testing Closeness of Discrete Distributions},
  journal       = {Journal of the ACM},
  year          = {2013},
  volume        = {60},
  number        = {1},
  pages         = {4:1--4:25},
  publisher     = {ACM}
}

@inproceedings{BatuKR04,
  author        = {Batu, Tu\u{g}kan and Kumar, Ravi and Rubinfeld, Ronitt},
  title         = {Sublinear algorithms for testing monotone and unimodal distributions},
  booktitle     = {Proceedings of the 36th Annual ACM Symposium on the Theory of Computing},
  series        = {STOC '04},
  year          = {2004},
  address       = {New York, NY, USA},
  publisher     = {ACM}
}

@article{Birge87,
  author        = {Birg{\'e}, Lucien},
  journal       = {The Annals of Statistics},
  month         = {September},
  number        = {3},
  pages         = {995--1012},
  publisher     = {The Institute of Mathematical Statistics},
  title         = {Estimating a Density under Order Restrictions: Nonasymptotic Minimax Risk},
  volume        = {15},
  year          = {1987}
}

@inproceedings{BelkinS10,
  author        = {Belkin, Mikhail and Sinha, Kaushik},
  title         = {Polynomial Learning of Distribution Families},
  booktitle     = {Proceedings of the 51st Annual IEEE Symposium on Foundations of Computer Science},
  series        = {FOCS '10},
  year          = {2010},
  pages         = {103--112},
  publisher     = {IEEE Computer Society},
  address       = {Washington, DC, USA},
}

@article{Bentkus05,
  author        = {Bentkus, Vidmantas},
  title         = {A {L}yapunov-type bound in {R}d},
  journal       = {Theory of Probability \& Its Applications},
  volume        = {49},
  number        = {2},
  pages         = {311--323},
  year          = {2005}
}

@article{Berry41,
  author        = {Berry, Andrew C.},
  title         = {The Accuracy of the {G}aussian Approximation to the Sum of Independent Variates},
  journal       = {Transactions of the American Mathematical Society},
  volume        = {49},
  number        = {1},
  pages         = {122--136},
  year          = {1941}
}

@article{BerryWM97,
  author        = {Berry, Michael J. and Warland, David K and Meister, Markus},
  title         = {The Structure and Precision of Retinal Spike Trains},
  journal       = {Proceedings of the National Academy of Sciences},
  year          = {1997},
  volume        = {94},
  number        = {10},
  pages         = {5411--5416},
  publisher     = {National Academy of Sciences}
}

@article{Bhattacharya16,
  title         = {Power of Graph-Based Two-Sample Tests},
  author        = {Bhattacharya, Bhaswar B.},
  journal       = {arXiv preprint arXiv:1508.07530},
  year          = {2016}
}

@article{BhattacharyaM16,
  author        = {Bhattacharya, Bhaswar B. and Mukherjee, Sumit},
  title         = {Inference in {I}sing Models},
  journal       = {Bernoulli},
  year          = {2016}
}

@inproceedings{BhattacharyaV15,
  author        = {Bhattacharya, Bhaswar and Valiant, Gregory},
  title         = {Testing Closeness With Unequal Sized Samples},
  booktitle     = {Advances in Neural Information Processing Systems 28},
  series        = {NIPS '15},
  year          = {2015},
  pages         = {2611--2619},
  publisher     = {Curran Associates, Inc.}
}

@inproceedings{BlaisCG17,
  author        = {Blais, Eric and Canonne, Cl{\'e}ment L. and Gur, Tom},
  title         = {Distribution Testing Lower Bounds via Reductions from Communication Complexity},
  booktitle     = {Proceedings of the 32nd Computational Complexity Conference},
  series        = {CCC '17},
  pages         = {28:1--28:40},
  year          = {2017},
  publisher     = {Schloss Dagstuhl--Leibniz-Zentrum fuer Informatik},
  address       = {Dagstuhl, Germany}
}

@article{Blonski99,
  author        = {Blonski, Matthias},
  title         = {Anonymous Games with Binary Actions},
  journal       = {Games and Economic Behavior},
  year          = {1999},
  volume        = {28},
  number        = {2},
  pages         = {171--180},
  publisher     = {Elsevier}
}

@article{Blonski05,
  author        = {Blonski, Matthias},
  title         = {The Women of {C}airo: Equilibria in Large Anonymous Games},
  journal       = {Journal of Mathematical Economics},
  year          = {2005},
  volume        = {41},
  number        = {3},
  pages         = {253--264},
  publisher     = {Elsevier}
}

@article{BlumerEHW89,
  author        = {Blumer, Anselm and Ehrenfeucht, Andrzej and Haussler, David and Warmuth, Manfred K.},
  title         = {Learnability and the {V}apnik-{C}hervonenkis dimension},
  journal       = {Journal of the ACM},
  year          = {1989},
  volume        = {36},
  number        = {4},
  pages         = {929--965},
  publisher     = {ACM}
}

@book{BoucheronLM13,
  author        = {Boucheron, Stephane and Lugosi, Gabor and Massart, Pierre},
  publisher     = {Oxford University Press},
  title         = {Concentration Inequalities: A Nonasymptotic Theory of Independence},
  year          = {2013}
}

@article{BoxM58,
  author        = {Box, G. E. P. and Muller, Mervin E.},
  journal       = {The Annals of Mathematical Statistics},
  month         = {jun},
  number        = {2},
  pages         = {610--611},
  title         = {A Note on the Generation of Random Normal Deviates},
  volume        = {29},
  year          = {1958}
}

@inproceedings{BrandtIKK12,
  author        = {Brandt, Christina and Immorlica, Nicole and Kamath, Gautam and Kleinberg, Robert},
  title         = {An Analysis of One-Dimensional {S}chelling Segregation},
  booktitle     = {Proceedings of the 44th Annual ACM Symposium on the Theory of Computing},
  series        = {STOC '12},
  year          = {2012},
  pages         = {789--804},
  publisher     = {ACM},
  address       = {New York, NY, USA}
}

@inproceedings{Bresler15,
  author        = {Bresler, Guy},
  title         = {Efficiently Learning {I}sing Models on Arbitrary Graphs},
  booktitle     = {Proceedings of the 47th Annual ACM Symposium on the Theory of Computing},
  series        = {STOC '15},
  year          = {2015},
  pages         = {771--782},
  publisher     = {ACM},
  address       = {New York, NY, USA}
}

@inproceedings{BreslerGS14,
  author        = {Bresler, Guy and Gamarnik, David and Shah, Devavrat},
  title         = {Structure learning of antiferromagnetic {I}sing models},
  booktitle     = {Advances in Neural Information Processing Systems 27},
  series        = {NIPS '14},
  year          = {2014},
  pages         = {2852--2860},
  publisher     = {Curran Associates, Inc.}
}

@article{BreslerK16,
  title         = {Learning a Tree-Structured {I}sing Model in Order to Make Predictions},
  author        = {Bresler, Guy and Karzand, Mina},
  journal       = {arXiv preprint arXiv:1604.06749},
  year          = {2016}
}

@inproceedings{BrubakerV08,
  author        = {Brubaker, Spencer Charles and Vempala, Santosh},
  title         = {Isotropic {PCA} and Affine-Invariant Clustering},
  booktitle     = {Proceedings of the 49th Annual IEEE Symposium on Foundations of Computer Science},
  series        = {FOCS '08},
  year          = {2008},
  pages         = {551--560},
  publisher     = {IEEE Computer Society},
  address       = {Washington, DC, USA}
}

@inproceedings{BubleyD97,
  author        = {Bubley, Russ and Dyer, Martin},
  title         = {Path coupling: A technique for proving rapid mixing in {M}arkov chains},
  booktitle     = {Proceedings of the 38th Annual IEEE Symposium on Foundations of Computer Science},
  series        = {FOCS '97},
  year          = {1997},
  pages         = {223--231},
  publisher     = {IEEE Computer Society},
  address       = {Washington, DC, USA}
}

@inproceedings{BunS16,
  author        = {Bun, Mark and Steinke, Thomas},
  title         = {Concentrated Differential Privacy: Simplifications, Extensions, and Lower Bounds},
  booktitle     = {Proceedings of the 14th Conference on Theory of Cryptography},
  series        = {TCC '16-B},
  year          = {2016},
  pages         = {635--658},
  publisher     = {Springer},
  address       = {Berlin, Heidelberg}
}

@inproceedings{CaiDK17,
  author        = {Cai, Bryan and Daskalakis, Constantinos and Kamath, Gautam},
  title         = {Priv'IT: Private and Sample Efficient Identity Testing},
  booktitle     = {Proceedings of the 34th International Conference on Machine Learning},
  series        = {ICML '17},
  year          = {2017},
  pages         = {635--644},
  publisher     = {JMLR, Inc.}
}

@article{Canonne15,
  author        = {Canonne, Cl{\'e}ment L.},
  title         = {A Survey on Distribution Testing: Your Data is Big. But is it Blue?},
  journal       = {Electronic Colloquium on Computational Complexity (ECCC)},
  volume        = {22},
  year          = {2015},
  number        = {63},
}

@misc{Canonne17,
  author        = {Canonne, Cl{\'e}ment L.},
  title         = {A short note on {P}oisson tail bounds},
  year          = {2017},
  howpublished  = {\url{http://www.cs.columbia.edu/~ccanonne/files/misc/2017-poissonconcentration.pdf}}
}

@inproceedings{CanonneDGR16,
  author        = {Canonne, Cl{\'e}ment L. and Diakonikolas, Ilias and Gouleakis, Themis and Rubinfeld, Ronitt},
  title         = {Testing Shape Restrictions of Discrete Distributions},
  booktitle     = {Proceedings of the 33rd Symposium on Theoretical Aspects of Computer Science},
  series        = {STACS '16},
  pages         = {25:1--25:14},
  year          = {2016},
  publisher     = {Schloss Dagstuhl--Leibniz-Zentrum fuer Informatik},
  address       = {Dagstuhl, Germany}
}

@inproceedings{CanonneDKS17,
  author        = {Canonne, Cl{\'e}ment L. and Diakonikolas, Ilias and Kane, Daniel M. and Stewart, Alistair},
  title         = {Testing {B}ayesian Networks},
  booktitle     = {Proceedings of the 30th Annual Conference on Learning Theory},
  series        = {COLT '17},
  year          = {2017},
  pages         = {370--448}
}

@misc{CanonneK17,
  author        = {Canonne, Cl{\'e}ment L. and Kamath, Gautam},
  title         = {Frontiers in Distribution Testing},
  year          = {2017},
  note          = {Workshop at the 58th Annual IEEE Symposium on Foundations of Computer Science},
  URL           = {\url{http://www.cs.columbia.edu/~ccanonne/workshop-focs2017/}}
}

@inproceedings{CanonneR14,
  author        = {Canonne, Cl{\'e}ment L. and Rubinfeld, Ronitt},
  title         = {Testing Probability Distributions Underlying Aggregated Data},
  booktitle     = {Proceedings of the 41st International Colloquium on Automata, Languages, and Programming},
  series        = {ICALP '14},
  pages         = {283--295},
  year          = {2014}
}

@inproceedings{CanonneRS14,
  author        = {Canonne, Cl{\'e}ment L. and Ron, Dana and Servedio, Rocco A.},
  title         = {Testing equivalence between distributions using conditional samples},
  booktitle     = {Proceedings of the 25th Annual ACM-SIAM Symposium on Discrete Algorithms},
  series        = {SODA '14},
  pages         = {1174--1192},
  year          = {2014},
  address       = {Philadelphia, PA, USA},
  organization  = {SIAM}
}

@article{CanonneRS15,
  author        = {Canonne, Cl{\'e}ment L. and Ron, Dana and Servedio, Rocco A.},
  title         = {Testing probability distributions using conditional samples},
  journal       = {SIAM Journal on Computing},
  volume        = {44},
  number        = {3},
  pages         = {540--616},
  year          = {2015},
  publisher     = {SIAM}
}

@inproceedings{CantadorBK11,
  author        = {Cantador, Iv\'{a}n and Brusilovsky, Peter and Kuflik, Tsvi},
  title         = {Second Workshop on Information Heterogeneity and Fusion in Recommender Systems (HetRec 2011)},
  booktitle     = {Proceedings of the 5th ACM Conference on Recommender Systems},
  series        = {RecSys '11},
  year          = {2011},
  pages         = {387--388},
  publisher     = {ACM},
  address       = {New York, NY, USA}
}

@inproceedings{ChakrabortyFGM13,
  author        = {Chakraborty, Sourav and Fischer, Eldar and Goldhirsh, Yonatan and Matsliah, Arie},
  title         = {On the power of conditional samples in distribution testing},
  booktitle     = {Proceedings of the 4th Conference on Innovations in Theoretical Computer Science},
  series        = {ITCS '13},
  year          = {2013},
  pages         = {561--580},
  publisher     = {ACM},
  address       = {New York, NY, USA}
}

@inproceedings{ChanDSS13a,
  author        = {Chan, Siu On and Diakonikolas, Ilias and Servedio, Rocco A. and Sun, Xiaorui},
  title         = {Learning mixtures of structured distributions over discrete domains},
  booktitle     = {Proceedings of the 24th Annual ACM-SIAM Symposium on Discrete Algorithms},
  series        = {SODA '13},
  year          = {2013},
  pages         = {1380--1394},
  address       = {Philadelphia, PA, USA},
  publisher     = {SIAM}
}

@inproceedings{ChanDSS13b,
  author        = {Chan, Siu On and Diakonikolas, Ilias and Servedio, Rocco A. and Sun, Xiaorui},
  title         = {Efficient Density Estimation via Piecewise Polynomial Approximation},
  booktitle     = {Proceedings of the 46th Annual ACM Symposium on the Theory of Computing},
  series        = {STOC '14},
  year          = {2014},
  address       = {New York, NY, USA},
  publisher     = {ACM}
}

@inproceedings{ChanDVV14,
  author        = {Chan, Siu-On and Diakonikolas, Ilias and Valiant, Gregory and Valiant, Paul},
  title         = {Optimal Algorithms for Testing Closeness of Discrete Distributions},
  booktitle     = {Proceedings of the 25th Annual ACM-SIAM Symposium on Discrete Algorithms},
  series        = {SODA '14},
  pages         = {1193--1203},
  year          = {2014},
  address       = {Philadelphia, PA, USA},
  organization  = {SIAM}
}

@inproceedings{CohenLMPS16,
  author        = {Cohen, Michael B and Lee, Yin Tat and Miller, Gary and Pachocki, Jakub and Sidford, Aaron},
  title         = {Geometric Median in Nearly Linear Time},
  booktitle     = {Proceedings of the 48th Annual ACM Symposium on the Theory of Computing},
  series        = {STOC '16},
  year          = {2016},
  address       = {New York, NY, USA},
  publisher     = {ACM}
}

@phdthesis{Chatterjee05,
  author        = {Chatterjee, Sourav}, 
  title         = {Concentration Inequalities with Exchangeable Pairs},
  school        = {Stanford University},
  year          = {2005},
  month         = {June}
}

@article{Chatterjee07,
  author        = {Chatterjee, Sourav},
  journal       = {The Annals of Statistics},
  month         = {October},
  number        = {5},
  pages         = {1931--1946},
  publisher     = {The Institute of Mathematical Statistics},
  title         = {Estimation in spin glasses: A first step},
  volume        = {35},
  year          = {2007}
}

@article{ChaudhuriSS13,
  author        = {Chaudhuri, Kamalika and Sarwate, Anand D. and Sinha, Kaushik},
  title         = {A Near-Optimal Algorithm for Differentially-Private Principal Components},
  journal       = {Journal of Machine Learning Research},
  volume        = {14},
  number        = {Sep},
  pages         = {2905--2943},
  year          = {2013},
  publisher     = {JMLR, Inc.}
}

@inproceedings{ChenDO15,
  author        = {Chen, Xi and Durfee, David and Orfanou, Anthi},
  title         = {On the Complexity of {N}ash Equilibria in Anonymous Games},
  booktitle     = {Proceedings of the 47th Annual ACM Symposium on the Theory of Computing},
  series        = {STOC '15},
  year          = {2015},
  pages         = {381--390},
  publisher     = {ACM},
  address       = {New York, NY, USA}
}

@inproceedings{ChenDST15,
  author        = {Chen, Xi and De, Anindya and Servedio, Rocco A. and Tan, Li-Yang},
  title         = {Boolean function monotonicity testing requires (almost) $n^{1/2}$ non-adaptive queries},
  booktitle     = {Proceedings of the 47th Annual ACM Symposium on the Theory of Computing},
  series        = {STOC '15},
  year          = {2015},
  pages         = {519--528},
  publisher     = {ACM},
  address       = {New York, NY, USA}
}

@article{ChenDT09,
  author        = {Chen, Xi and Deng, Xiaotie and Teng, Shang-Hua},
  title         = {Settling the Complexity of Computing Two-Player {N}ash Equilibria},
  journal       = {Journal of the ACM},
  year          = {2009},
  volume        = {56},
  number        = {3},
  pages         = {14:1--14:57},
  publisher     = {ACM}
}

@book{ChenGS10,
  author        = {Chen, Louis H.Y. and Goldstein, Larry and Shao, Qi-Man},
  publisher     = {Springer},
  title         = {Normal approximation by {S}tein’s method},
  year          = {2010}
}

@inproceedings{ChenST14,
  author        = {Chen, Xi and Servedio, Rocco A. and Tan, Li Yang},
  title         = {New algorithms and lower bounds for monotonicity testing},
  booktitle     = {Proceedings of the 55th Annual IEEE Symposium on Foundations of Computer Science},
  series        = {FOCS '14},
  year          = {2014},
  pages         = {286--295},
  publisher     = {IEEE Computer Society},
  address       = {Washington, DC, USA},
}

@article{ChowL68,
  author        = {Chow, C.K. and Liu, C.N.},
  title         = {Approximating Discrete Probability Distributions with Dependence Trees},
  journal       = {IEEE Transactions on Information Theory},
  year          = {1968},
  volume        = {14},
  number        = {3},
  pages         = {462--467},
  publisher     = {IEEE}
}

@article{ChristakisF07,
  author        = {Christakis, Nicholas A. and Fowler, James H.},
  title         = {The Spread of Obesity in a Large Social Network Over 32 Years},
  journal       = {New England Journal of Medicine},
  year          = {2007},
  volume        = {357},
  number        = {4},
  pages         = {370--379},
  publisher     = {Massachusetts Medical Society}
}

@article{ColwellCGLMCL12,
  author        = {Colwell, Robert K. and Chao, Anne and Gotelli, Nicholas J. and Lin, Shang-Yi and Mao, Chang Xuan and Chazdon, Robin L. and Longino, John T.},
  title         = {Models and estimators linking individual-based and sample-based rarefaction, extrapolation and comparison of assemblages},
  journal       = {Journal of Plant Ecology},
  year          = {2012},
  volume        = {5},
  number        = {1},
  pages         = {3--21},
  publisher     = {Oxford University Press}
}


@book{CoverT06,
  author        = {Cover, Thomas M. and Thomas, Joy A.},
  publisher     = {Wiley},
  title         = {Elements of Information Theory},
  year          = {2006}
}

@article{CsiszarT06,
  title         = {Consistent Estimation of the Basic Neighborhood of {M}arkov Random Fields},
  author        = {Csisz{\'a}r, Imre and Talata, Zsolt},
  journal       = {The Annals of Statistics},
  pages         = {123--145},
  volume        = {34},
  number        = {1},
  year          = {2006}
}

@misc{DajaniLSKRMGDGKKLSSVA17,
  author        = {Dajani, Aref N. and Lauger, Amy D. and Singer, Phyllis E. and Kifer, Daniel and Reiter, Jerome P. and Machanavajjhala, Ashwin and Garfinkel, Simson L. and Dahl, Scot A. and Graham, Matthew and Karwa, Vishesh and Kim, Hang and Lelerc, Philip and Schmutte, Ian M. and Sexton, William N. and Vilhuber, Lars and Abowd, John M.},
  title         = {The Modernization of Statistical Disclosure Limitation at the {U.S.} Census Bureau},
  year          = {2017},
  note          = {Presented at the September 2017 meeting of the Census Scientific Advisory Committee}
}

@article{Dalbec99,
  author        = {Dalbec, John},
  title         = {Multisymmetric Functions},
  journal       = {Beitr\"age zur Algebra und Geometrie},
  year          = {1999},
  volume        = {40},
  number        = {1},
  pages         = {27--51},
  publisher     = {Springer}
}

@inproceedings{Dasgupta99,
  author        = {Dasgupta, Sanjoy},
  title         = {Learning Mixtures of {G}aussians},
  booktitle     = {Proceedings of the 40th Annual IEEE Symposium on Foundations of Computer Science},
  series        = {FOCS '99},
  year          = {1999},
  pages         = {634--644},
  publisher     = {IEEE Computer Society},
  address       = {Washington, DC, USA},
}

@inproceedings{Daskalakis08,
  author        = {Daskalakis, Constantinos},
  title         = {An Efficient {PTAS} for Two-Strategy Anonymous Games},
  booktitle     = {Proceedings of the 4th International Workshop on Internet and Network Economics},
  series        = {WINE '08},
  year          = {2008},
  pages         = {186--197},
  publisher     = {Springer},
  address       = {Berlin, Heidelberg},
}

@inproceedings{DaskalakisDOST13,
  author        = {Daskalakis, Constantinos and Diakonikolas, Ilias and O'Donnell, Ryan and Servedio, Rocco A. and Tan, Li Yang},
  title         = {Learning Sums of Independent Integer Random Variables},
  booktitle     = {Proceedings of the 54th Annual IEEE Symposium on Foundations of Computer Science},
  series        = {FOCS '13},
  year          = {2013},
  pages         = {217--226},
  publisher     = {IEEE Computer Society},
  address       = {Washington, DC, USA},
}

@inproceedings{DaskalakisDS12a,
  author        = {Daskalakis, Constantinos and Diakonikolas, Ilias and Servedio, Rocco A.},
  title         = {Learning k-modal distributions via testing},
  booktitle     = {Proceedings of the 23th Annual ACM-SIAM Symposium on Discrete Algorithms},
  series        = {SODA '12},
  pages         = {1371--1385},
  year          = {2012},
  address       = {Philadelphia, PA, USA},
  organization  = {SIAM}
}

@inproceedings{DaskalakisDS12b,
  author        = {Daskalakis, Constantinos and Diakonikolas, Ilias and Servedio, Rocco A.},
  title         = {Learning {P}oisson binomial distributions},
  booktitle     = {Proceedings of the 44th Annual ACM Symposium on the Theory of Computing},
  series        = {STOC '12},
  year          = {2012},
  pages         = {709--728},
  publisher     = {ACM},
  address       = {New York, NY, USA},
}

@inproceedings{DaskalakisDSVV13,
  author        = {Daskalakis, Constantinos and Diakonikolas, Ilias and Servedio, Rocco A. and Valiant, Gregory and Valiant, Paul},
  title         = {Testing k-modal distributions: Optimal algorithms via reductions},
  booktitle     = {Proceedings of the 24th Annual ACM-SIAM Symposium on Discrete Algorithms},
  series        = {SODA '13},
  pages         = {1833--1852},
  year          = {2013},
  address       = {Philadelphia, PA, USA},
  organization  = {SIAM}
}

@article{DaskalakisDG17,
  title         = {Testing from One Sample: Is the casino really using a riffle shuffle?},
  author        = {Daskalakis, Constantinos and Dikkala, Nishanth and Gravin, Nick},
  journal       = {arXiv preprint arXiv:1704.06850},
  year          = {2017}
}

@inproceedings{DaskalakisDK17,
  author        = {Daskalakis, Constantinos and Dikkala, Nishanth and Kamath, Gautam},
  title         = {Concentration of Multilinear Functions of the {I}sing Model with Applications to Network Data},
  booktitle     = {Advances in Neural Information Processing Systems 30},
  series        = {NIPS '17},
  year          = {2017},
  publisher     = {Curran Associates, Inc.}
}

@inproceedings{DaskalakisDK18,
  author        = {Daskalakis, Constantinos and Dikkala, Nishanth and Kamath, Gautam},
  title         = {Testing {I}sing Models},
  booktitle     = {Proceedings of the 29th Annual ACM-SIAM Symposium on Discrete Algorithms},
  series        = {SODA '18},
  year          = {2018},
  address       = {Philadelphia, PA, USA},
  organization  = {SIAM}
}

@inproceedings{DaskalakisDKT16,
  author        = {Daskalakis, Constantinos and De, Anindya and Kamath, Gautam and Tzamos, Christos},
  title         = {A Size-Free {CLT} for {P}oisson Multinomials and its Applications},
  booktitle     = {Proceedings of the 48th Annual ACM Symposium on the Theory of Computing},
  series        = {STOC '16},
  year          = {2016},
  pages         = {1074--1086},
  publisher     = {ACM},
  address       = {New York, NY, USA},
}

@article{DaskalakisGP09,
  author        = {Daskalakis, Constantinos and Goldberg, Paul W. and Papadimitriou, Christos H.},
  title         = {The Complexity of Computing a {N}ash Equilibrium},
  journal       = {SIAM Journal on Computing},
  year          = {2009},
  volume        = {39},
  number        = {1},
  pages         = {195--259},
  publisher     = {SIAM}
}

@inproceedings{DaskalakisK14,
  author        = {Daskalakis, Constantinos and Kamath, Gautam},
  title         = {Faster and Sample Near-Optimal Algorithms for Proper Learning Mixtures of {G}aussians},
  booktitle     = {Proceedings of the 27th Annual Conference on Learning Theory},
  series        = {COLT '14},
  year          = {2014},
  pages         = {1183--1213}
}

@inproceedings{DaskalakisKT15,
  author        = {Daskalakis, Constantinos and Kamath, Gautam and Tzamos, Christos},
  title         = {On the Structure, Covering, and Learning of {P}oisson Multinomial Distributions},
  booktitle     = {Proceedings of the 56th Annual IEEE Symposium on Foundations of Computer Science},
  series        = {FOCS '15},
  year          = {2015},
  publisher     = {IEEE Computer Society},
  address       = {Washington, DC, USA},
  pages         = {1203--1217}
}

@inproceedings{DaskalakisKW18,
  author        = {Daskalakis, Constantinos and Kamath, Gautam and Wright, John},
  title         = {Which Distribution Distances are Sublinearly Testable?},
  booktitle     = {Proceedings of the 29th Annual ACM-SIAM Symposium on Discrete Algorithms},
  series        = {SODA '18},
  pages         = {2747--2764},
  year          = {2018},
  address       = {Philadelphia, PA, USA},
  organization  = {SIAM}
}

@article{DaskalakisMR11,
  author        = {Daskalakis, Constantinos and Mossel, Elchanan and Roch, S{\'e}bastien},
  title         = {Evolutionary Trees and the {I}sing Model on the {B}ethe Lattice: A Proof of {S}teel's Conjecture},
  journal       = {Probability Theory and Related Fields},
  volume        = {149},
  number        = {1},
  pages         = {149--189},
  year          = {2011},
  publisher     = {Springer}
}

@inproceedings{DaskalakisP07,
  author        = {Daskalakis, Constantinos and Papadimitriou, Christos H.},
  title         = {Computing Equilibria in Anonymous Games},
  booktitle     = {Proceedings of the 48th Annual IEEE Symposium on Foundations of Computer Science},
  series        = {FOCS '07},
  year          = {2007},
  pages         = {83--93},
  publisher     = {IEEE Computer Society},
  address       = {Washington, DC, USA},
}

@inproceedings{DaskalakisP08,
  author        = {Daskalakis, Constantinos and Papadimitriou, Christos H.},
  title         = {Discretized multinomial distributions and {N}ash equilibria in anonymous games},
  booktitle     = {Proceedings of the 49th Annual IEEE Symposium on Foundations of Computer Science},
  series        = {FOCS '08},
  year          = {2008},
  pages         = {25--34},
  publisher     = {IEEE Computer Society},
  address       = {Washington, DC, USA},
}

@inproceedings{DaskalakisP09,
  author        = {Daskalakis, Constantinos and Papadimitriou, Christos H.},
  title         = {On Oblivious {PTAS}'s for {N}ash Equilibrium},
  booktitle     = {Proceedings of the 41st Annual ACM Symposium on the Theory of Computing},
  series        = {STOC '09},
  year          = {2009},
  pages         = {75--84},
  publisher     = {ACM},
  address       = {New York, NY, USA},
}


@article{DaskalakisP15a,
  author        = {Daskalakis, Constantinos and Papadimitriou, Christos H.},
  title         = {Sparse Covers for Sums of Indicators},
  journal       = {Probability Theory and Related Fields},
  volume        = {162},
  number        = {3},
  pages         = {679--705},
  year          = {2015}
}

@article{DaskalakisP15b,
  author        = {Daskalakis, Constantinos and Papadimitriou, Christos H.},
  title         = {Approximate {N}ash equilibria in anonymous games},
  journal       = {Journal of Economic Theory},
  year          = {2015},
  volume        = {156},
  pages         = {207--245}
}

@inproceedings{DaskalakisP17,
  author        = {Daskalakis, Constantinos and Pan, Qinxuan},
  title         = {Square {H}ellinger Subadditivity for {B}ayesian Networks and its Applications to Identity Testing},
  booktitle     = {Proceedings of the 30th Annual Conference on Learning Theory},
  series        = {COLT '17},
  year          = {2017},
  pages         = {697--703}
}

@article{DempsterLR77,
  author        = {Dempster, A. P. and Laird, N. M. and Rubin, D. B.},
  journal       = {Journal of the Royal Statistical Society. Series B (Methodological)},
  number        = {1},
  pages         = {1--38},
  publisher     = {Blackwell Publishing for the Royal Statistical Society},
  title         = {Maximum Likelihood from Incomplete Data via the {EM} Algorithm},
  volume        = {39},
  year          = {1977}
}

@article{DeheuvelsP88,
  author        = {Deheuvels, Paul and Pfeifer, Dietmar},
  journal       = {Journal of multivariate analysis},
  number        = {1},
  pages         = {65--89},
  publisher     = {Elsevier},
  title         = {{P}oisson approximations of multinomial distributions and point processes},
  volume        = {25},
  year          = {1988}
}

@inproceedings{DeSaOR16,
  author        = {De Sa, Christopher and Olukotun, Kunle and R{\'e}, Christopher},
  title         = {Ensuring Rapid Mixing and Low Bias for Asynchronous {G}ibbs Sampling},
  booktitle     = {Proceedings of the 33rd International Conference on Machine Learning},
  series        = {ICML '16},
  year          = {2016},
  pages         = {1567--1576},
  publisher     = {JMLR, Inc.}
}

@book{DeserCG68,
  author        = {Deser, Stanley and Chr{\'e}tien, Max and Gross, Eugene},
  publisher     = {Gordon and Breach},
  title         = {Statistical Physics, Phase Transitions, and Superfluidity},
  year          = {1968}
}

@article{DevroyeL96,
  author        = {Devroye, Luc and Lugosi, G\'abor},
  journal       = {The Annals of Statistics},
  pages         = {2499--2512},
  title         = {A universally acceptable smoothing factor for kernel density estimation},
  volume        = {24},
  number        = {6},
  year          = {1996}
}

@article{DevroyeL97,
  author        = {Devroye, Luc and Lugosi, G\'abor},
  journal       = {The Annals of Statistics},
  pages         = {2626--2637},
  title         = {Nonasymptotic universal smoothing factors, kernel complexity and {Y}atracos classes},
  volume        = {25},
  number        = {6},
  year          = {1997}
}

@book{DevroyeL01,
  author        = {Devroye, Luc and Lugosi, G\'abor},
  publisher     = {Springer},
  title         = {Combinatorial methods in density estimation},
  year          = {2001}
}

@book{DeWittS71,
  author        = {DeWitt, C{\'e}cile and Stora, Raymond},
  publisher     = {Gordon and Breach},
  title         = {Statistical mechanics and Quantum field theory},
  year          = {1971}
}

@article{DiakonikolasGPP16,
  title         = {Collision-based Testers are Optimal for Uniformity and Closeness},
  author        = {Diakonikolas, Ilias and Gouleakis, Themis and Peebles, John and Price, Eric},
  journal       = {arXiv preprint arXiv:1611.03579},
  year          = {2016}
}

@article{DiakonikolasGPP17,
  title         = {Sample-optimal Identity Testing with High Probability},
  author        = {Diakonikolas, Ilias and Gouleakis, Themis and Peebles, John and Price, Eric},
  journal       = {arXiv preprint arXiv:1708.02728},
  year          = {2017}
}

@inproceedings{DiakonikolasHS15,
  author        = {Diakonikolas, Ilias and Hardt, Moritz and Schmidt, Ludwig},
  title         = {Differentially Private Learning of Structured Discrete Distributions},
  booktitle     = {Advances in Neural Information Processing Systems 28},
  series        = {NIPS '15},
  year          = {2015},
  pages         = {2566--2574},
  publisher     = {Curran Associates, Inc.}
}

@inproceedings{DiakonikolasK16,
  author        = {Diakonikolas, Ilias and Kane, Daniel M.},
  title         = {A New Approach for Testing Properties of Discrete Distributions},
  booktitle     = {Proceedings of the 57th Annual IEEE Symposium on Foundations of Computer Science},
  series        = {FOCS '16},
  year          = {2016},
  pages         = {685--694},
  publisher     = {IEEE Computer Society},
  address       = {Washington, DC, USA}
}

@inproceedings{DiakonikolasKKLMS16,
  author        = {Diakonikolas, Ilias and Kamath, Gautam and Kane, Daniel M. and Li, Jerry and Moitra, Ankur and Stewart, Alistair},
  title         = {Robust Estimators in High Dimensions without the Computational Intractability},
  booktitle     = {Proceedings of the 57th Annual IEEE Symposium on Foundations of Computer Science},
  series        = {FOCS '16},
  year          = {2016},
  pages         = {655--664},
  publisher     = {IEEE Computer Society},
  address       = {Washington, DC, USA}
}

@inproceedings{DiakonikolasKKLMS17,
  author        = {Diakonikolas, Ilias and Kamath, Gautam and Kane, Daniel M. and Li, Jerry and Moitra, Ankur and Stewart, Alistair},
  title         = {Being Robust (in High Dimensions) Can Be Practical},
  booktitle     = {Proceedings of the 34th International Conference on Machine Learning},
  series        = {ICML '17},
  year          = {2017},
  pages         = {999--1008},
  publisher     = {JMLR, Inc.}
}

@inproceedings{DiakonikolasKKLMS18,
  author        = {Diakonikolas, Ilias and Kamath, Gautam and Kane, Daniel M. and Li, Jerry and Moitra, Ankur and Stewart, Alistair},
  title         = {Robustly Learning a {G}aussian: Getting Optimal Error, Efficiently},
  booktitle     = {Proceedings of the 29th Annual ACM-SIAM Symposium on Discrete Algorithms},
  series        = {SODA '18},
  year          = {2018},
  address       = {Philadelphia, PA, USA},
  publisher     = {SIAM}
}

@inproceedings{DiakonikolasKN15a,
  author        = {Diakonikolas, Ilias and Kane, Daniel M. and Nikishkin, Vladimir},
  title         = {Testing Identity of Structured Distributions},
  booktitle     = {Proceedings of the 26th Annual ACM-SIAM Symposium on Discrete Algorithms},
  series        = {SODA '15},
  year          = {2015},
  pages         = {1841--1854},
  address       = {Philadelphia, PA, USA},
  publisher     = {SIAM}
}

@inproceedings{DiakonikolasKN15b,
  author        = {Diakonikolas, Ilias and Kane, Daniel M. and Nikishkin, Vladimir},
  title         = {Optimal Algorithms and Lower Bounds for Testing Closeness of Structured Distributions},
  booktitle     = {Proceedings of the 56th Annual IEEE Symposium on Foundations of Computer Science},
  series        = {FOCS '15},
  year          = {2015},
  pages         = {1183--1202},
  publisher     = {IEEE Computer Society},
  address       = {Washington, DC, USA}
}

@inproceedings{DiakonikolasKS15a,
  author        = {Diakonikolas, Ilias and Kane, Daniel M. and Stewart, Alistair},
  title         = {Optimal Learning via the {F}ourier Transform for Sums of Independent Integer Random Variables},
  booktitle     = {Proceedings of the 29th Annual Conference on Learning Theory},
  series        = {COLT '16},
  year          = {2016},
  pages         = {831--849}
}

@article{DiakonikolasKS15b,
  author        = {Diakonikolas, Ilias and Kane, Daniel M. and Stewart, Alistair},
  title         = {Properly Learning {P}oisson Binomial Distributions in Almost Polynomial Time},
  booktitle     = {Proceedings of the 29th Annual Conference on Learning Theory},
  series        = {COLT '16},
  year          = {2016},
  pages         = {850--878}
}

@inproceedings{DiakonikolasKS16,
  author        = {Diakonikolas, Ilias and Kane, Daniel M. and Stewart, Alistair},
  title         = {The {F}ourier Transform of {P}oisson Multinomial Distributions and its Algorithmic Applications},
  booktitle     = {Proceedings of the 48th Annual ACM Symposium on the Theory of Computing},
  series        = {STOC '16},
  year          = {2016},
  publisher     = {ACM},
  address       = {New York, NY, USA}
}

@inproceedings{DinurN03,
  author        = {Dinur, Irit and Nissim, Kobbi},
  title         = {Revealing Information while Preserving Privacy},
  booktitle     = {Proceedings of the 22nd ACM SIGMOD-SIGACT-SIGART Symposium on Principles of Database Systems},
  series        = {PODS '03},
  year          = {2003},
  pages         = {202--210},
  publisher     = {ACM},
  address       = {New York, NY, USA}
}

@article{Dobrushin56,
  author        = {Dobrushin, Roland L.},
  title         = {Central limit theorem for nonstationary {M}arkov chains. {I}},
  journal       = {Theory of Probability \& Its Applications},
  volume        = {1},
  number        = {1},
  pages         = {65--80},
  year          = {1956},
  publisher     = {SIAM}
}

@article{DoBaNNR11,
  author        = {Do Ba, Khanh and Nguyen, Huy L. and Nguyen, Huy N. and Rubinfeld, Ronitt},
  title         = {Sublinear Time Algorithms for Earth Mover’s Distance},
  journal       = {Theory of Computing Systems},
  volume        = {48},
  number        = {2},
  pages         = {428--442},
  year          = {2011},
  publisher     = {Springer}
}

@article{DuchiJW17,
  author        = {Duchi, John C. and Jordan, Michael I. and Wainwright, Martin J.},
  title         = {Minimax Optimal Procedures for Locally Private Estimation},
  journal       = {Journal of the American Statistical Association},
  year          = {2017},
  publisher     = {Taylor \& Francis}
}

@article{DvoretzkyKW56,
  author        = {Dvoretzky, Aryeh and Kiefer, Jack and Wolfowitz, Jacob},
  journal       = {The Annals of Mathematical Statistics},
  month         = {09},
  number        = {3},
  pages         = {642--669},
  publisher     = {The Institute of Mathematical Statistics},
  title         = {Asymptotic Minimax Character of the Sample Distribution Function and of the Classical Multinomial Estimator},
  volume        = {27},
  year          = {1956}
}

@inproceedings{DworkMNS06,
  author        = {Dwork, Cynthia and McSherry, Frank and Nissim, Kobbi and Smith, Adam},
  title         = {Calibrating Noise to Sensitivity in Private Data Analysis},
  booktitle     = {Proceedings of the 3rd Conference on Theory of Cryptography},
  series        = {TCC '06},
  year          = {2006},
  pages         = {265--284},
  publisher     = {Springer},
  address       = {Berlin, Heidelberg}
}

@inproceedings{Dwork08,
  author        = {Dwork, Cynthia},
  title         = {Differential Privacy: A Survey of Results},
  booktitle     = {Proceedings of the 5th International Conference on Theory and Applications of Models of Computation},
  series        = {TAMC '08},
  year          = {2008},
  pages         = {1--19},
  publisher     = {Springer},
  address       = {Berlin, Heidelberg}
}

@article{DworkR14,
  author        = {Dwork, Cynthia and Roth, Aaron},
  journal       = {Foundations and Trends{\textregistered} in Machine Learning},
  number        = {3--4},
  pages         = {211--407},
  publisher     = {Now Publishers, Inc.},
  title         = {The Algorithmic Foundations of Differential Privacy},
  volume        = {9},
  year          = {2014}
}

@article{DyerGJ08,
  author        = {Dyer, Martin and Goldberg, Leslie Ann and Jerrum, Mark},
  journal       = {Combinatorics, Probability and Computing},
  number        = {6},
  pages         = {761--779},
  publisher     = {Cambridge University Press},
  title         = {{D}obrushin Conditions and Systematic Scan},
  volume        = {17},
  year          = {2008}
}

@book{EasleyK10,
  author        = {Easley, David and Kleinberg, Jon},
  title         = {Networks, Crowds, and Markets: Reasoning about a Highly Connected World},
  year          = {2010},
  publisher     = {Cambridge University Press}
}

@article{Ellison93,
  author        = {Ellison, Glenn},
  title         = {Learning, Local Interaction, and Coordination},
  journal       = {Econometrica},
  volume        = {61},
  number        = {5},
  pages         = {1047--1071},
  year          = {1993},
  publisher     = {JSTOR}
}

@inproceedings{ErlingssonPK14,
  title         = {{RAPPOR}: Randomized Aggregatable Privacy-Preserving Ordinal Response},
  author        = {Erlingsson, {\'U}lfar and Pihur, Vasyl and Korolova, Aleksandra},
  booktitle     = {Proceedings of the 2014 ACM Conference on Computer and Communications Security},
  series        = {CCS '14},
  year          = {2014},
  pages         = {1054--1067},
  publisher     = {ACM},
  address       = {New York, NY, USA}
}

@article{Esseen42,
  author        = {Esseen, Carl-Gustaf},
  title         = {On the {L}iapounoff limit of error in the theory of probability},
  journal       = {Arkiv f\"or matematik, astronomi och fysik},
  volume        = {28A},
  number        = {2},
  pages         = {1--19},
  year          = {1942}
}

@inproceedings{EvfimievskiGS03,
  author        = {Evfimievski, Alexandre and Gehrke, Johannes and Srikant, Ramakrishnan},
  title         = {Limiting Privacy Breaches in Privacy Preserving Data Mining},
  booktitle     = {Proceedings of the 22nd ACM SIGMOD-SIGACT-SIGART Symposium on Principles of Database Systems},
  series        = {PODS '03},
  year          = {2003},
  pages         = {211--222},
  publisher     = {ACM},
  address       = {New York, NY, USA}
}

@article{Feldman09,
  author        = {Feldman, Vitaly},
  title         = {On the Power of Membership Queries in Agnostic Learning},
  journal       = {Journal of Machine Learning Research},
  volume        = {10},
  number        = {Feb},
  pages         = {163--182},
  year          = {2009},
  publisher     = {JMLR, Inc.}
}

@inproceedings{FeldmanOS06,
  author        = {Feldman, Jon and O'Donnell, Ryan and Servedio, Rocco A.},
  title         = {{PAC} learning axis-aligned mixtures of {G}aussians with no separation assumption},
  booktitle     = {Proceedings of the 19th Annual Conference on Learning Theory},
  series        = {COLT '06},
  year          = {2006},
  pages         = {20--34},
  publisher     = {Springer},
  address       = {Berlin, Heidelberg}
}

@article{FeldmanOS08,
  author        = {Feldman, Jon and O'Donnell, Ryan and Servedio, Rocco A.},
  title         = {Learning mixtures of product distributions over discrete domains},
  journal       = {SIAM Journal on Computing},
  volume        = {37},
  number        = {5},
  pages         = {1536--1564},
  year          = {2008},
  publisher     = {SIAM}
}

@book{Felsenstein04,
  author        = {Felsenstein, Joseph},
  title         = {Inferring Phylogenies},
  year          = {2004},
  publisher     = {Sinauer Associates Sunderland}
}

@inproceedings{FischerLV17,
  author        = {Fischer, Eldar and Lachish, Oded and Vasudev, Yadu},
  title         = {Improving and extending the testing of distributions for shape-restricted properties},
  booktitle     = {Proceedings of the 34th Symposium on Theoretical Aspects of Computer Science},
  series        = {STACS '17},
  pages         = {31:1--31:14},
  year          = {2017},
  publisher     = {Schloss Dagstuhl--Leibniz-Zentrum fuer Informatik},
  address       = {Dagstuhl, Germany}
}

@article{Fisher22,
  author        = {Fisher, Ronald A.},
  title         = {On the mathematical foundations of theoretical statistics},
  journal       = {Philosophical Transactions of the Royal Society of London. Series A, Containing Papers of a Mathematical or Physical Character},
  pages         = {309--368},
  year          = {1922},
  publisher     = {JSTOR}
}

@book{Fisher35,
  author        = {Fisher, Ronald A.},
  title         = {The Design of Experiments},
  year          = {1935},
  publisher     = {Macmillan}
}

@article{Freedman75,
  author        = {Freedman, David A.},
  title         = {On Tail Probabilities for Martingales},
  journal       = {The Annals of Probability},
  volume        = {3},
  number        = {1},
  pages         = {100--118},
  year          = {1975},
  publisher     = {Institute of Mathematical Statistics}
}

@article{FriedmanLNP00,
  author        = {Friedman, Nir and Linial, Michal and Nachman, Iftach and Pe'er, Dana},
  title         = {Using {B}ayesian networks to analyze expression data},
  journal       = {Journal of Computational Biology},
  pages         = {601--620},
  year          = {2000},
  volume        = {7},
  number        = {3-4},
  publisher     = {Mary Ann Liebert, Inc.}
}

@inproceedings{FukuchiS17,
  author        = {Fukuchi, Kazuto and Sakuma, Jun},
  title         = {Minimax Optimal Estimators for Additive Scalar Functionals of Discrete Distributions},
  booktitle     = {Proceedings of the 2017 IEEE International Symposium on Information Theory},
  series        = {ISIT '17},
  year          = {2017},
  pages         = {2103--2107},
  publisher     = {IEEE Computer Society},
  address       = {Washington, DC, USA}
}

@inproceedings{GaboardiLRV16,
  author        = {Gaboardi, Marco and Lim, Hyun{-}Woo and Rogers, Ryan M. and Vadhan, Salil P.},
  title         = {Differentially Private Chi-Squared Hypothesis Testing: Goodness of Fit and Independence Testing},
  booktitle     = {Proceedings of the 33rd International Conference on Machine Learning},
  series        = {ICML '16},
  year          = {2016},
  pages         = {1395--1403},
  publisher     = {JMLR, Inc.}
}

@article{GaboardiR17,
  title         = {Local Private Hypothesis Testing: Chi-Square Tests},
  author        = {Gaboardi, Marco and Rogers, Ryan},
  journal       = {arXiv preprint arXiv:1709.07155},
  year          = {2017}
}

@inproceedings{GemanG86,
  author        = {Geman, Stuart and Graffigne, Christine},
  title         = {{M}arkov Random Field Image Models and their Applications to Computer Vision},
  booktitle     = {Proceedings of the International Congress of Mathematicians},
  year          = {1986},
  pages         = {1496--1517},
  publisher     = {American Mathematical Society}
}

@book{Georgii11,
  author        = {Georgii, Hans-Otto},
  title         = {{G}ibbs Measures and Phase Transitions},
  year          = {2011},
  publisher     = {Walter de Gruyter}
}

@article{Gershgorin31,
  author        = {Gershgorin, S.},
  journal       = {Izv. Akad. Nauk. SSSR Ser. Mat.},
  pages         = {749--754},
  title         = {{\"U}ber die Abgrenzung der {E}igenwerte einer Matrix},
  volume        = {1},
  year          = {1931}
}

@article{GheissariLP17,
  title         = {Concentration inequalities for polynomials of contracting {I}sing models},
  author        = {Gheissari, Reza and Lubetzky, Eyal and Peres, Yuval},
  journal       = {arXiv preprint arXiv:1706.00121},
  year          = {2017}
}

@article{GibbsS02,
  author        = {Gibbs, Alison L. and Su, Francis E.},
  journal       = {International Statistical Review},
  month         = {dec},
  number        = {3},
  pages         = {419--435},
  publisher     = {Blackwell Publishing Ltd},
  title         = {On choosing and bounding probability metrics},
  volume        = {70},
  year          = {2002}
}

@article{Goldreich16,
  author        = {Goldreich, Oded},
  title         = {The Uniform Distribution is Complete with Respect to Testing Identity to a Fixed Distribution},
  journal       = {Electronic Colloquium on Computational Complexity (ECCC)},
  volume        = {23},
  year          = {2016},
  number        = {15}
}

@article{GoldreichR00,
  author        = {Goldreich, Oded and Ron, Dana},
  title         = {On Testing Expansion in Bounded-Degree Graphs},
  journal       = {Electronic Colloquium on Computational Complexity (ECCC)},
  volume        = {7},
  year          = {2000},
  number        = {20}
}

@article{GoodT56,
  author        = {Good, I.J. and Toulmin, G.H.},
  title         = {The Number of New Species, and the Increase in Population Coverage, when a Sample is Increased},
  journal       = {Biometrika},
  year          = {1956},
  volume        = {43},
  number        = {1-2},
  pages         = {45--63},
  publisher     = {Biometrika Trust}
}

@inproceedings{GoodfellowPMXWOCB14,
  author        = {Goodfellow, Ian and Pouget-Abadie, Jean and Mirza, Mehdi and Xu, Bing and Warde-Farley, David and Ozair, Sherjil and Courville, Aaron and Bengio, Yoshua},
  title         = {Generative Adversarial Nets},
  booktitle     = {Advances in Neural Information Processing Systems 27},
  series        = {NIPS '14},
  year          = {2014},
  pages         = {2672--2680},
  publisher     = {Curran Associates, Inc.}
}

@article{GordonLSW06,
  author        = {Gordon, Y. and Litvak, A. E. and Sch{\"u}tt, C. and Werner, E.},
  title         = {On the minimum of several random variables},
  journal       = {Proc. Amer. Math. Soc.},
  volume        = {134},
  year          = {2006},
  number        = {12},
  pages         = {3665--3675}
}

@inproceedings{HamiltonKM17,
  author        = {Hamilton, Linus and Koehler, Frederic and Moitra, Ankur},
  title         = {Information Theoretic Properties of {M}arkov Random Fields, and their Algorithmic Applications},
  booktitle     = {Advances in Neural Information Processing Systems 30},
  series        = {NIPS '17},
  year          = {2017},
  publisher     = {Curran Associates, Inc.}
}


@article{HanJW16,
  title         = {Minimax Rate-Optimal Estimation of Divergences between Discrete Distributions},
  author        = {Han, Yanjun and Jiantao, Jiao and Weissman, Tsachy},
  journal       = {arXiv preprint arXiv:1605.09124},
  year          = {2016}
}

@article{Hanneke14,
  author        = {Hanneke, Steve},
  journal       = {Foundations and Trends{\textregistered} in Machine Learning},
  number        = {2--3},
  pages         = {131--309},
  publisher     = {Now Publishers, Inc.},
  title         = {Theory of Disagreement-Based Active Learning},
  volume        = {7},
  year          = {2014}
}

@inproceedings{HardtP14a,
  author        = {Hardt, Moritz and Price, Eric},
  title         = {Sharp bounds for learning a mixture of two {G}aussians},
  booktitle     = {Proceedings of the 47th Annual ACM Symposium on the Theory of Computing},
  series        = {STOC '15},
  year          = {2015},
  pages         = {753--760},
  publisher     = {ACM},
  address       = {New York, NY, USA},
}

@inproceedings{HardtP14b,
  author        = {Hardt, Moritz and Price, Eric},
  title         = {The Noisy Power Method: A Meta Algorithm with Applications},
  booktitle     = {Advances in Neural Information Processing Systems 27},
  series        = {NIPS '14},
  year          = {2014},
  pages         = {2861--2869},
  publisher     = {Curran Associates, Inc.}
}

@article{Haussler92,
  author        = {Haussler, David},
  title         = {Decision Theoretic Generalizations of the {PAC} Model for Neural Net and Other Learning Applications},
  journal       = {Information and Computation},
  year          = {1992},
  volume        = {100},
  number        = {1},
  pages         = {78--150},
  publisher     = {Elsevier}
}

@inproceedings{Hayes06,
  author        = {Hayes, Thomas P.},
  title         = {A simple condition implying rapid mixing of single-site dynamics on spin systems},
  booktitle     = {Proceedings of the 47th Annual IEEE Symposium on Foundations of Computer Science},
  series        = {FOCS '06},
  year          = {2006},
  pages         = {39--46},
  publisher     = {IEEE Computer Society},
  address       = {Washington, DC, USA},
}
f
@article{HomerSRDTMPSNC08,
  author        = {Homer, Nils and Szelinger, Szabolcs and Redman, Margot and Duggan, David and Tembe, Waibhav and Muehling, Jill and Pearson, John V. and Stephan, Dietrich A. and Nelson, Stanley F. and Craig, David W.},
  title         = {Resolving Individuals Contributing Trace Amounts of DNA to Highly Complex Mixtures using High-Density SNP Genotyping Microarrays},
  journal       = {PLoS Genetics},
  volume        = {4},
  number        = {8},
  pages         = {1--9},
  year          = {2008},
  publisher     = {Public Library of Science}
}

@article{Hopfield82,
  author        = {Hopfield, John J.},
  title         = {Neural networks and physical systems with emergent collective computational abilities},
  journal       = {Proceedings of the National Academy of Sciences},
  year          = {1982},
  volume        = {79},
  number        = {8},
  pages         = {2554--2558},
  publisher     = {National Academy of Sciences}
}

@inproceedings{HsuK13,
  author        = {Hsu, Daniel and Kakade, Sham M.},
  title         = {Learning Mixtures of Spherical {G}aussians: Moment Methods and Spectral Decompositions},
  booktitle     = {Proceedings of the 4th Conference on Innovations in Theoretical Computer Science},
  series        = {ITCS '13},
  year          = {2013},
  pages         = {11--20},
  publisher     = {ACM},
  address       = {New York, NY, USA}
}

@article{Ising25,
  author        = {Ising, Ernst},
  title         = {Beitrag zur Theorie des Ferromagnetismus},
  journal       = {Zeitschrift f{\"u}r Physik A Hadrons and Nuclei},
  year          = {1925},
  volume        = {31},
  number        = {1},
  pages         = {253--258},
  publisher     = {Springer}
}

@article{Jackson97,
  author        = {Jackson, Jeffrey C.},
  title         = {An Efficient Membership-Query Algorithm for Learning {DNF} with Respect to the Uniform Distribution},
  journal       = {Journal of Computer and System Sciences},
  year          = {1997},
  volume        = {55},
  number        = {3},
  pages         = {414--440},
  publisher     = {Elsevier}
}

@inproceedings{JalaliJR11,
  author        = {Jalali, Ali and Johnson, Christopher C. and Ravikumar, Pradeep K.},
  title         = {On Learning Discrete Graphical Models using Greedy Methods},
  booktitle     = {Advances in Neural Information Processing Systems 24},
  series        = {NIPS '11},
  year          = {2011},
  pages         = {1935--1943},
  publisher     = {Curran Associates, Inc.}
}

@inproceedings{JanzWPKH18,
  author        = {Janz, David and Westhuizen, Jos van der and Paige, Brooks and Kusner, Matt J. and Hern{\'a}ndez-Lobato, Jos{\'e} Miguel},
  title         = {Learning a Generative Model for Validity in Complex Discrete Structures},
  booktitle     = {Proceedings of the 6th International Conference on Learning Representations},
  series        = {ICLR '18},
  year          = {2018}
}

@article{JerrumS93,
  author        = {Jerrum, Mark and Sinclair, Alistair},
  title         = {Polynomial-time Approximation Algorithms for the {I}sing model},
  journal       = {SIAM Journal on Computing},
  year          = {1993},
  volume        = {22},
  number        = {5},
  pages         = {1087--1116},
  publisher     = {SIAM}
}

@inproceedings{JiaoHW16,
  author        = {Jiao, Jiantao and Han, Yanjun and Weissman, Tsachy},
  title         = {Minimax estimation of the $\ell_1$ distance},
  booktitle     = {Proceedings of the 2016 IEEE International Symposium on Information Theory},
  series        = {ISIT '16},
  year          = {2016},
  pages         = {750--754},
  publisher     = {IEEE Computer Society},
  address       = {Washington, DC, USA}
}

@article{JiaoVHW17,
  author        = {Jiao, Jiantao and Venkat, Kartik and Han, Yanjun and Weissman, Tsachy},
  title         = {Minimax estimation of functionals of discrete distributions},
  journal       = {IEEE Transactions on Information Theory},
  year          = {2017},
  volume        = {61},
  number        = {5},
  pages         = {2835--2885},
  publisher     = {IEEE}
}

@book{Johnson11,
  author        = {Johnson, J.L.},
  title         = {Probability and Statistics for Computer Science},
  year          = {2011},
  publisher     = {Wiley}
}

@inproceedings{JohnsonS13,
  author        = {Johnson, Aaron and Shmatikov, Vitaly},
  title         = {Privacy-Preserving Data Exploration in Genome-Wide Association Studies},
  booktitle     = {Proceedings of the 19th ACM SIGKDD International Conference on Knowledge Discovery and Data Mining},
  series        = {KDD '13},
  year          = {2013},
  pages         = {1079--1087},
  publisher     = {ACM},
  address       = {New York, NY, USA}
}

@misc{Jordan10,
  author        = {Jordan, Michael},
  title         = {Lecture Notes for {B}ayesian Modeling and Inference},
  year          = {2010}
}

@book{JurafskyM09,
  author        = {Jurafsky, Dan and Martin, James H.},
  title         = {Speech and Language Processing: An Introduction to Natural Language Processing, Computational Linguistics, and Speech Recognition},
  publisher     = {Prentice Hall},
  year          = {2009}
}

@inproceedings{KakizakiSF17,
  author        = {Kakizaki, Kazuya and Sakuma, Jun and Fukuchi, Kazuto},
  title         = {Differentially Private Chi-squared Test by Unit Circle Mechanism},
  booktitle     = {Proceedings of the 34th International Conference on Machine Learning},
  series        = {ICML '17},
  year          = {2017},
  pages         = {1761--1770},
  publisher     = {JMLR, Inc.}
}

@inproceedings{Kalai05, 
  author        = {Kalai, Ehud},
  title         = {Partially-Specified Large Games},
  booktitle     = {Proceedings of the 1st International Workshop on Internet and Network Economics},
  series        = {WINE '05},
  year          = {2005},
  pages         = {3--13},
  publisher     = {Springer},
  address       = {Berlin, Heidelberg},
}

@inproceedings{KalaiMV10,
  author        = {Kalai, Adam Tauman and Moitra, Ankur and Valiant, Gregory},
  title         = {Efficiently learning mixtures of two {G}aussians},
  booktitle     = {Proceedings of the 42nd Annual ACM Symposium on the Theory of Computing},
  series        = {STOC '10},
  year          = {2010},
  pages         = {553--562},
  publisher     = {ACM},
  address       = {New York, NY, USA},
}

@inproceedings{KapralovT13,
  author        = {Kapralov, Michael and Talwar, Kunal},
  title         = {On Differentially Private Low Rank Approximation},
  booktitle     = {Proceedings of the 24th Annual ACM-SIAM Symposium on Discrete Algorithms},
  series        = {SODA '13},
  year          = {2013},
  pages         = {1395--1414},
  address       = {Philadelphia, PA, USA},
  publisher     = {SIAM}
}

@misc{Karpathy15,
  author        = {Karpathy, Andrej},
  title         = {The Unreasonable Effectiveness of Recurrent Neural Networks},
  year          = {2015},
  month         = {May},
  howpublished  = {\url{http://karpathy.github.io/2015/05/21/rnn-effectiveness/}}
}

@inproceedings{KarwaV18,
  author        = {Karwa, Vishesh and Vadhan, Salil},
  title         = {Finite Sample Differentially Private Confidence Intervals},
  booktitle     = {Proceedings of the 9th Conference on Innovations in Theoretical Computer Science},
  series        = {ITCS '18},
  year          = {2018},
  publisher     = {ACM},
  address       = {New York, NY, USA}
}

@inproceedings{KearnsMRRSS94,
  author        = {Kearns, Michael and Mansour, Yishay and Ron, Dana and Rubinfeld, Ronitt and Schapire, Robert E. and Sellie, Linda},
  title         = {On the learnability of discrete distributions},
  booktitle     = {Proceedings of the 26th Annual ACM Symposium on the Theory of Computing},
  series        = {STOC '94},
  year          = {1994},
  pages         = {273--282},
  publisher     = {ACM},
  address       = {New York, NY, USA},
}

@article{KearnsSS94,
  author        = {Kearns, Michael J. and Schapire, Robert E. and Sellie, Linda M.},
  title         = {Towards Efficient Agnostic Learning},
  journal       = {Machine Learning},
  volume        = {17},
  number        = {2--3},
  pages         = {115--141},
  year          = {1994},
  publisher     = {Springer}
}

@article{KeinanC12,
  author        = {Keinan, Alon and Clark, Andrew G.},
  title         = {Recent Explosive Human Population Growth Has Resulted in an Excess of Rare Genetic Variants},
  journal       = {Science},
  year          = {2012},
  volume        = {336},
  number        = {6082},
  pages         = {740--743},
  publisher     = {American Association for the Advancement of Science}
}

@inproceedings{KiferR17,
  author        = {Kifer, Daniel and Rogers, Ryan M.},
  title         = {A New Class of Private Chi-Square Tests},
  booktitle     = {Proceedings of the 20th International Conference on Artificial Intelligence and Statistics},
  series        = {AISTATS '17},
  year          = {2017},
  pages         = {991--1000},
  publisher     = {JMLR, Inc.}
}

@article{Klar00,
  author        = {Klar, Bernhard},
  title         = {Bounds on Tail Probabilities of Discrete Distributions},
  journal       = {Probability in the Engineering and Informational Sciences},
  volume        = {14},
  number        = {02},
  pages         = {161--171},
  year          = {2000},
  publisher     = {Cambridge University Press}
}

@inproceedings{KlivansM17,
  author        = {Klivans, Adam and Meka, Raghu},
  title         = {Learning Graphical Models using Multiplicative Weights},
  booktitle     = {Proceedings of the 58th Annual IEEE Symposium on Foundations of Computer Science},
  series        = {FOCS '17},
  year          = {2017},
  publisher     = {IEEE Computer Society},
  address       = {Washington, DC, USA}
}

@article{Kolmogorov56,
  author        = {Kolmogorov, AN},
  title         = {Certain Asymptotic Characteristics of Completely Bounded Metric Spaces},
  journal       = {Doklady Akademii Nauk SSSR},
  volume        = {108},
  number        = {3},
  pages         = {385--388},
  year          = {1956},
  publisher     = {MEZHDUNARODNAYA KNIGA 39 DIMITROVA UL., 113095 MOSCOW, RUSSIA}
}

@article{KolmogorovT59,
  author        = {Kolmogorov, Andrei Nikolaevich and Tikhomirov, Vladimir Mikhailovich},
  title         = {$\varepsilon$-entropy and $\varepsilon$-capacity of sets in function spaces},
  journal       = {Uspekhi Matematicheskikh Nauk},
  volume        = {14},
  number        = {2},
  pages         = {3--86},
  year          = {1959},
  publisher     = {Russian Academy of Sciences, Branch of Mathematical Sciences}
}

@inproceedings{KoNS07,
  author        = {Ko, Jeongwoo and Nyberg, Eric and Si, Luo},
  title         = {A Probabilistic Graphical Model for Joint Answer Ranking in Question Answering},
  booktitle     = {Proceedings of the 30th International ACM SIGIR Conference on Research and Development in Information Retrieval},
  series        = {SIGIR '07},
  year          = {2007},
  pages         = {343--350},
  publisher     = {ACM},
  address       = {New York, NY, USA},
}

@inproceedings{KusnerPH17,
  author        = {Kusner, Matt J. and Paige, Brooks and Hern{\'a}ndez-Lobato, Jos{\'e} Miguel},
  title         = {Grammar Variational Autoencoder},
  booktitle     = {Proceedings of the 34th International Conference on Machine Learning},
  series        = {ICML '17},
  year          = {2017},
  pages         = {1945--1954},
  publisher     = {JMLR, Inc.}
}

@article{LabbeL13,
  author        = {Labb{\'e}, Cyril and Labb{\'e}, Dominique},
  title         = {Duplicate and Fake Publications in the Scientific Literature: How many {SCIgen} Papers in Computer Science?},
  journal       = {Scientometrics},
  volume        = {94},
  number        = {1},
  pages         = {379--396},
  year          = {2013},
  publisher     = {Springer}
}

@article{LagorAFH01,
  author        = {Lagor, Charles and Aronsky, Dominik and Fiszman, Marcelo and Haug, Peter J.},
  journal       = {Studies in Health Technology and Informatics},
  number        = {1},
  pages         = {493--497},
  publisher     = {IOS Press},
  title         = {Automatic identification of patients eligible for a pneumonia guideline: comparing the diagnostic accuracy of two decision support models},
  volume        = {84},
  year          = {2001}
}

@article{LeCam73,
  author        = {Le Cam, Lucien},
  journal       = {The Annals of Statistics},
  number        = {1},
  pages         = {38--53},
  publisher     = {JSTOR},
  title         = {Convergence of Estimates under Dimensionality Restrictions},
  volume        = {1},
  year          = {1973}
}

@inproceedings{LefonsST83,
  author        = {Lefons, Ezio and Silvestri, Alberto and Tangorra, Filippo},
  title         = {An Analytic Approach to Statistical Databases},
  booktitle     = {Proceedings of the 9th International Conference on Very Large Data Bases},
  series        = {VLDB '83},
  year          = {1983},
  pages         = {260--274},
  publisher     = {Morgan Kaufmann Publishers Inc.},
  address       = {San Francisco, CA, USA}
}

@book{LehmannC06,
  author        = {Lehmann, Erich Leo and Casella, George},
  publisher     = {Springer},
  title         = {Theory of Point Estimation},
  year          = {2006}
}

@article{LeviRR13,
  author        = {Levi, Reut and Ron, Dana and Rubinfeld, Ronitt},
  title         = {Testing Properties of Collections of Distributions},
  journal       = {Theory of Computing},
  year          = {2013},
  volume        = {9},
  number        = {8},
  pages         = {295--347}
}

@book{LevinPW09,
  author        = {Levin, David A. and Peres, Yuval and Wilmer, Elizabeth L.},
  title         = {{M}arkov Chains and Mixing Times},
  year          = {2009},
  publisher     = {American Mathematical Society}
}

@article{Loh92,
  author        = {Loh, Wei-Liem},
  journal       = {The Annals of Applied Probability},
  title         = {{S}tein's method and multinomial approximation},
  month         = {08},
  number        = {3},
  pages         = {536--554},
  publisher     = {The Institute of Mathematical Statistics},
  volume        = {2},
  year          = {1992}
}

@inproceedings{LovettZ15,
  author        = {Lovett, Shachar and Zhang, Jiapeng},
  title         = {Improved Noisy Population Recovery, and Reverse {B}onami-{B}eckner Inequality for Sparse Functions},
  booktitle     = {Proceedings of the 47th Annual ACM Symposium on the Theory of Computing},
  series        = {STOC '15},
  year          = {2015},
  pages         = {137--142},
  publisher     = {ACM},
  address       = {New York, NY, USA}
}

@article{MackeyJCFT14,
  author        = {Mackey, Lester and Jordan, Michael I. and Chen, Richard Y. and Farrell, Brendan and Tropp, Joel A.},
  title         = {Matrix Concentration Inequalities via the Method of Exchangeable Pairs},
  journal       = {The Annals of Probability},
  volume        = {42},
  number        = {3},
  pages         = {906--945},
  year          = {2014},
  publisher     = {Institute of Mathematical Statistics}
}


@article{MartindelCampoCU16,
  author        = {Mart{\'\i}n del Campo, Abraham and Cepeda, Sarah and Uhler, Caroline},
  title         = {Exact Goodness-of-Fit Testing for the {I}sing Model},
  journal       = {Scandinavian Journal of Statistics},
  year          = {2016},
  publisher     = {Wiley}
}

@article{Massart90,
  author        = {Massart, P.},
  journal       = {The Annals of Probability},
  month         = {07},
  number        = {3},
  pages         = {1269--1283},
  publisher     = {The Institute of Mathematical Statistics},
  title         = {The Tight Constant in the {D}voretzky-{K}iefer-{W}olfowitz Inequality},
  volume        = {18},
  year          = {1990}
}

@book{Massart07,
  author        = {Massart, Pascal},
  title         = {Concentration Inequalities and Model Selection},
  volume        = {6},
  number        = {1896},
  series        = {{\'E}cole d'Et{\'e} de Probabilit{\'e}s de Saint-Flour},
  year          = {2007},
  publisher     = {Springer}
}

@article{MekaZ13,
  author        = {Meka, Raghu and Zuckerman, David},
  title         = {Pseudorandom generators for polynomial threshold functions},
  journal       = {SIAM Journal on Computing},
  year          = {2013},
  volume        = {42},
  number        = {3},
  pages         = {1275--1301},
  publisher     = {SIAM}
}

@article{MendelsonV03,
  author        = {Mendelson, Shahar and Vershynin, Roman},
  title         = {Entropy and the Combinatorial Dimension},
  journal       = {Inventiones Mathematicae},
  year          = {2003},
  volume        = {152},
  number        = {1},
  pages         = {37--55},
  publisher     = {Springer}
}

@article{Milchtaich96,
  author        = {Milchtaich, Igal},
  title         = {Congestion Games with Player-Specific Payoff Functions},
  journal       = {Games and Economic Behavior},
  year          = {1996},
  volume        = {13},
  number        = {1},
  pages         = {111--124},
  publisher     = {Elsevier}
}

@article{Miller55,
  author        = {Miller, George A.},
  title         = {Note on the Bias of Information Estimates},
  journal       = {Information Theory in Psychology: Problems and Methods},
  volume        = {2},
  pages         = {95--100},
  year          = {1955},
  publisher     = {Free Press}
}

@inproceedings{MoitraS13,
  author        = {Moitra, Ankur and Saks, Michael},
  title         = {A Polynomial Time Algorithm for Lossy Population Recovery},
  booktitle     = {Proceedings of the 54th Annual IEEE Symposium on Foundations of Computer Science},
  series        = {FOCS '13},
  year          = {2013},
  pages         = {110--116},
  publisher     = {IEEE Computer Society},
  address       = {Washington, DC, USA}
}


@inproceedings{MoitraV10,
  author        = {Moitra, Ankur and Valiant, Gregory},
  title         = {Settling the Polynomial Learnability of Mixtures of {G}aussians},
  booktitle     = {Proceedings of the 51st Annual IEEE Symposium on Foundations of Computer Science},
  series        = {FOCS '10},
  year          = {2010},
  pages         = {93--102},
  publisher     = {IEEE Computer Society},
  address       = {Washington, DC, USA},
}

@article{MontanariS10,
  author        = {Montanari, Andrea and Saberi, Amin},
  title         = {The Spread of Innovations in Social Networks},
  journal       = {Proceedings of the National Academy of Sciences},
  year          = {2010},
  volume        = {107},
  number        = {47},
  pages         = {20196--20201},
  publisher     = {National Academy of Sciences}
}

@article{NelsonWEKSVSTBFWAZLZZLLLWTHNWACZWCNM12,
  author        = {Nelson, Matthew R. and Wegmann, Daniel and Ehm, Margaret G. and Kessner, Darren and St. Jean, Pamela and Verzilli, Claudio and Shen, Judong and Tang, Zhengzheng and Bacanu, Silviu-Alin and Fraser, Dana and Warren, Liling and Aponte, Jennifer and Zawistowski, Matthew and Liu, Xiao and Zhang, Hao and Zhang, Yong and Li, Jun and Li, Yun and Li, Li and Woollard, Peter and Topp, Simon and Hall, Matthew D. and Nangle, Keith and Wang, Jun and Abecasis, Gon{\c c}alo and Cardon, Lon R. and Z{\"o}llner, Sebastian and Whittaker, John C. and Chissoe, Stephanie L. and Novembre, John and Mooser, Vincent},
  title         = {An Abundance of Rare Functional Variants in 202 Drug Target Genes Sequenced in 14,002 People},
  journal       = {Science},
  year          = {2012},
  volume        = {337},
  number        = {6090},
  pages         = {100--104},
  publisher     = {American Association for the Advancement of Science}
}

@article{NemenmanBRS04,
  author        = {Nemenman, Ilya and Bialek, William and de Ruyter van Steveninck, Rob},
  title         = {Entropy and Information in Neural Spike Trains: Progress on the Sampling Problem},
  journal       = {Physical Review E},
  year          = {2004},
  volume        = {69},
  number        = {5},
  pages         = {056111:1--056111:6},
  publisher     = {American Physical Society}
}

@article{Newman90,
  author        = {Newman, Charles M.},
  title         = {{I}sing Models and Dependent Percolation},
  journal       = {Lecture Notes--Monograph Series},
  year          = {1990},
  volume        = {16},
  pages         = {395--401},
  publisher     = {Institute of Mathematical Statistics},
  booktitle     = {Topics in Statistical Dependence}
}

@article{NovembreJBKBAIKBNSB08,
  title         = {Genes Mirror Geography Within {E}urope},
  author        = {Novembre, John and Johnson, Toby and Bryc, Katarzyna and Kutalik, Zolt\'an and Boyko, Adam R. and Auton, Adam and Indap, Amit and King, Karen S. and Bergmann, Sven and Nelson, Matthew R. and Stephens, Matthew and Bustamante, Carlos D.},
  journal       = {Nature},
  volume        = {456},
  number        = {7218},
  pages         = {98--101},
  year          = {2008},
  publisher     = {Nature Publishing Group}
}

@inproceedings{Nowozin12,
  author        = {Nowozin, Sebastian},
  title         = {Improved Information Gain Estimates for Decision Tree Induction},
  booktitle     = {Proceedings of the 29th International Conference on Machine Learning},
  series        = {ICML '12},
  year          = {2012},
  pages         = {571--578},
  publisher     = {JMLR, Inc.}
}

@inproceedings{ObremskiS17,
  author        = {Obremski, Maciej and Skorski, Maciej},
  title         = {{R}enyi Entropy Estimation Revisited},
  booktitle     = {Proceedings of the 20th International Workshop on Approximation Algorithms for Combinatorial Optimization Problems},
  series        = {APPROX '17},
  year          = {2017},
  pages         = {20:1--20:15},
  publisher     = {Schloss Dagstuhl--Leibniz-Zentrum fuer Informatik},
  address       = {Dagstuhl, Germany}
}

@article{Onsager44,
  title         = {Crystal statistics. {I}. A two-dimensional model with an order-disorder transition},
  author        = {Onsager, Lars},
  journal       = {Physical Review},
  volume        = {65},
  number        = {3--4},
  pages         = {117},
  year          = {1944},
  publisher     = {American Physical Society}
}

@article{OrlitskySW16,
  author        = {Orlitsky, Alon and Suresh, Ananda Theerta and Wu, Yihong},
  title         = {Optimal Prediction of the Number of Unseen Species},
  journal       = {Proceedings of the National Academy of Sciences},
  year          = {2016},
  volume        = {113},
  number        = {47},
  pages         = {13283--13288},
  publisher     = {National Academy of Sciences}
}

@article{Paninski03,
  author        = {Paninski, Liam},
  title         = {Estimation of Entropy and Mutual Information},
  journal       = {Neural Computation},
  year          = {2003},
  volume        = {15},
  number        = {6},
  pages         = {1191--1253},
  publisher     = {MIT Press}
}

@article{Paninski08,
  author        = {Paninski, Liam},
  title         = {A Coincidence-Based Test for Uniformity Given Very Sparsely Sampled Discrete Data},
  journal       = {IEEE Transactions on Information Theory},
  year          = {2008},
  volume        = {54},
  number        = {10},
  pages         = {4750--4755},
  publisher     = {IEEE}
}

@article{Pearson94,
  author        = {Pearson, Karl},
  title         = {Contributions to the mathematical theory of evolution},
  journal       = {Philosophical Transactions of the Royal Society of London. A},
  pages         = {71--110},
  year          = {1894},
  publisher     = {JSTOR}
}

@article{Pearson95,
  author        = {Pearson, Karl},
  title         = {Contributions to the mathematical theory of evolution. {II}. {S}kew variation in homogeneous material},
  journal       = {Philosophical Transactions of the Royal Society of London. A},
  pages         = {343--414},
  year          = {1895},
  publisher     = {JSTOR}
}

@article{Pearson00,
  author        = {Pearson, Karl},
  title         = {On the Criterion that a Given System of Deviations from the Probable in the Case of a Correlated System of Variables is Such that it Can be Reasonably Supposed to have Arisen from Random Sampling},
  journal       = {Philosophical Magazine Series 5},
  volume        = {50},
  number        = {302},
  pages         = {157--175},
  year          = {1900},
  publisher     = {Taylor \& Francis}
}

@misc{Pollard15,
  author        = {Pollard, David},
  title         = {A Few Good Inequalities},
  year          = {2015},
  howpublished  = {\url{http://www.stat.yale.edu/~pollard/Books/Mini/Basic.pdf}}
}


@inproceedings{RamdasISW16,
  author        = {Ramdas, Aaditya and Isenberg, David and Singh, Aarti and Wasserman, Larry A.},
  title         = {Minimax Lower Bounds for Linear Independence Testing},
  booktitle     = {Proceedings of the 2016 IEEE International Symposium on Information Theory},
  series        = {ISIT '16},
  year          = {2016},
  pages         = {965--969},
  publisher     = {IEEE Computer Society},
  address       = {Washington, DC, USA}
}

@article{RaoS81,
  author        = {Rao, Jon N.K. and Scott, Alastair J.},
  title         = {The Analysis of Categorical Data from Complex Sample Surveys: Chi-Squared Tests for Goodness of Fit and Independence in Two-Way Tables},
  journal       = {Journal of the Americal Statistical Association},
  volume        = {76},
  number        = {374},
  pages         = {221--230},
  year          = {1981},
  publisher     = {Taylor \& Francis}
}

@article{RaskhodnikovaRSS09,
  author        = {Raskhodnikova, Sofya and Ron, Dana and Shpilka, Amir and Smith, Adam},
  title         = {Strong Lower Bounds for Approximating Distribution Support Size and the Distinct Elements Problem},
  journal       = {SIAM Journal on Computing},
  year          = {2009},
  volume        = {39},
  number        = {3},
  pages         = {813--842},
  publisher     = {SIAM}
}

@book{RassoulAghaS15,
  author        = {Rassoul-Agha, Firas and Sepp{\"a}l{\"a}inen, Timo},
  publisher     = {American Mathematical Society},
  title         = {A Course on Large Deviations with an Introduction to Gibbs Measures},
  year          = {2015}
}

@article{RavikumarWL10,
  title         = {High-dimensional {I}sing model selection using $\ell_1$-regularized logistic regression},
  author        = {Ravikumar, Pradeep and Wainwright, Martin J. and Lafferty, John D.},
  journal       = {The Annals of Statistics},
  pages         = {1287--1319},
  volume        = {38},
  number        = {3},
  year          = {2010}
}

@misc{Reyzin11,
  author        = {Reyzin, Leo},
  title         = {Extractors and the leftover hash lemma},
  month         = {March},
  year          = {2011},
  howpublished  = {\url{http://www.cs.bu.edu/~reyzin/teaching/s11cs937/notes-leo-1.pdf}},
  note          = {Lecture notes}
}

@phdthesis{Rogers17,
  author        = {Rogers, Ryan Michael}, 
  title         = {Leveraging Privacy in Data Analysis},
  school        = {University of Pennsylvania},
  year          = {2017},
  month         = {May}
}

@article{Roos98,
  author        = {Roos, Bero},
  title         = {Metric multivariate {P}oisson approximation of the generalized multinomial distribution},
  journal       = {Teor. Veroyatnost. i Primenen.},
  volume        = {43},
  year          = {1998},
  number        = {2},
  pages         = {404--413},
}

@article{Roos02,
  author        = {Roos, Bero},
  title         = {Multinomial and {K}rawtchouk Approximations to the Generalized Multinomial Distribution},
  journal       = {Theory of Probability \& Its Applications},
  volume        = {46},
  number        = {1},
  pages         = {103-117},
  year          = {2002}
}

@article{Roos03,
  author        = {Roos, Bero},
  journal       = {Journal of Applied Probability},
  month         = {06},
  number        = {2},
  pages         = {376--390},
  publisher     = {Applied Probability Trust},
  title         = {{P}oisson approximation of multivariate {P}oisson mixtures},
  volume        = {40},
  year          = {2003}
}

@article{Rosenblatt56,
  author        = {Rosenblatt, Murray},
  journal       = {The Annals of Mathematical Statistics},
  month         = {09},
  number        = {3},
  pages         = {832--837},
  publisher     = {The Institute of Mathematical Statistics},
  title         = {Remarks on Some Nonparametric Estimates of a Density Function},
  volume        = {27},
  year          = {1956}
}

@article{Rosenfeld00,
  author        = {Rosenfeld, Ronald},
  journal       = {Proceedings of the IEEE},
  number        = {8},
  pages         = {1270--1278},
  publisher     = {IEEE},
  title         = {Two Decades of Statistical Language Modeling: Where do we go from here?},
  volume        = {88},
  year          = {2000}
}

@article{SanghaviTW10,
  author        = {Sanghavi, Sujay and Tan, Vincent and Willsky, Alan},
  title         = {Learning Graphical Models for Hypothesis Testing and Classification},
  journal       = {IEEE Transactions on Signal Processing},
  year          = {2010},
  volume        = {58},
  number        = {11},
  pages         = {5481--5495},
  publisher     = {IEEE}
}

@article{SanthanamW12,
  author        = {Santhanam, Narayana P. and Wainwright, Martin J.},
  title         = {Information-Theoretic Limits of Selecting Binary Graphical Models in High Dimensions},
  journal       = {IEEE Transactions on Information Theory},
  year          = {2012},
  volume        = {58},
  number        = {7},
  pages         = {4117--4134},
  publisher     = {IEEE}
}

@inproceedings{Sheffet17,
  author        = {Sheffet, Or},
  title         = {Differentially Private Ordinary Least Squares},
  booktitle     = {Proceedings of the 34th International Conference on Machine Learning},
  series        = {ICML '17},
  year          = {2017},
  pages         = {3105--3114},
  publisher     = {JMLR, Inc.}
}

@article{SherringtonK75,
  author        = {Sherrington, David and Kirkpatrick, Scott},
  title         = {Solvable model of a spin-glass},
  journal       = {Physical Review Letters},
  volume        = {35},
  number        = {26},
  pages         = {1792},
  year          = {1975},
  publisher     = {Americal Physical Society}
}

@article{Shevtsova10,
  author        = {Shevtsova, I.G.},
  title         = {An improvement of convergence rate estimates in the {L}yapunov theorem},
  journal       = {Doklady Mathematics},
  volume        = {82},
  number        = {3},
  pages         = {862--864},
  year          = {2010}
}

@article{SimmonsSB16,
  author        = {Simmons, Sean and Sahinalp, Cenk and Berger, Bonnie},
  title         = {Enabling Privacy-preserving {GWAS}s in Heterogeneous Human Populations},
  journal       = {Cell Systems},
  year          = {2016},
  volume        = {3},
  number        = {1},
  pages         = {54--61},
  publisher     = {Elsevier}
}

@article{SpielmanS11,
  author        = {Spielman, Daniel A. and Srivastava, Nikhil},
  title         = {Graph Sparsification by Effective Resistances},
  journal       = {SIAM Journal on Computing},
  volume        = {40},
  number        = {6},
  pages         = {1913--1926},
  year          = {2011},
  publisher     = {SIAM}
}

@article{SpielmanT11,
  author        = {Spielman, Daniel A. and Teng, Shang-Hua},
  title         = {Spectral Sparsification of Graphs},
  journal       = {SIAM Journal on Computing},
  volume        = {40},
  number        = {4},
  pages         = {981--1025},
  year          = {2011},
  publisher     = {SIAM}
}

@article{Starr69,
  author        = {Starr, Ross M.},
  title         = {Quasi-equilibria in markets with non-convex preferences},
  journal       = {Econometrica},
  volume        = {37},
  number        = {1},
  pages         = {25--38},
  year          = {1969},
  publisher     = {JSTOR}
}

@article{StroockZ92,
  author        = {Stroock, Daniel W. and Zegarlinski, Boguslaw},
  title         = {The Logarithmic {S}obolev Inequality for Discrete Spin Systems on a Lattice},
  journal       = {Communications in Mathematical Physics},
  volume        = {149},
  number        = {1},
  pages         = {175--193},
  year          = {1992},
  publisher     = {Springer}
}

@inproceedings{SureshOAJ14,
  author        = {Suresh, Ananda Theertha and Orlitsky, Alon and Acharya, Jayadev and Jafarpour, Ashkan},
  title         = {Near-Optimal-Sample Estimators for Spherical {G}aussian Mixtures},
  booktitle     = {Advances in Neural Information Processing Systems 27},
  series        = {NIPS '14},
  year          = {2014},
  pages         = {1395--1403},
  publisher     = {Curran Associates, Inc.}
}

@inproceedings{TanAW10,
  author        = {Tan, Vincent Y.F. and Anandkumar, Animashree and Willsky, Alan S.},
  title         = {Error Exponents for Composite Hypothesis Testing of {M}arkov Forest Distributions},
  booktitle     = {Proceedings of the 2010 IEEE International Symposium on Information Theory},
  series        = {ISIT '10},
  year          = {2010},
  pages         = {1613--1617},
  publisher     = {IEEE Computer Society},
  address       = {Washington, DC, USA}
}

@book{Tao12,
  author        = {Tao, Terence},
  title         = {Topics in random matrix theory},
  series        = {Graduate Studies in Mathematics},
  volume        = {132},
  publisher     = {American Mathematical Society},
  address       = {Providence, RI},
  year          = {2012},
  pages         = {x+282},
}

@article{TennessenBOFKGMDLJKJLGRAANBSBBABSN12,
  author        = {Tennessen, Jacob A. and Bigham, Abigail W. and O'Connor, Timothy D. and Fu, Wenqing and Kenny, Eimear E. and Gravel, Simon and McGee, Sean and Do, Ron and Liu, Xiaoming and Jun, Goo and Kang, Hyun Min and Jordan, Daniel and Leal, Suzanne M. and Gabriel, Stacey and Rieder, Mark J. and Abecasis, Goncalo and Altshuler, David and Nickerson, Deborah A. and Boerwinkle, Eric and Sunyaev, Shamil and Bustamante, Carlos D. and Bamshad, Michael J. and Akey, Joshua M. and Broad GO and Seattle GO and on behalf of the NHLBI Exome Sequencing Project},
  title         = {Evolution and Functional Impact of Rare Coding Variation from Deep Sequencing of Human Exomes},
  journal       = {Science},
  year          = {2012},
  volume        = {337},
  number        = {6090},
  pages         = {64--69},
  publisher     = {American Association for the Advancement of Science}
}

@inproceedings{Tukey75,
  author        = {Tukey, John W.},
  title         = {Mathematics and the Picturing of Data},
  booktitle     = {Proceedings of the International Congress of Mathematicians},
  year          = {1975},
  pages         = {523--531},
  publisher     = {American Mathematical Society}
}

@article{UhlerSF13,
  author        = {Uhler, Caroline and Slavkovi{\'c}, Aleksandra and Fienberg, Stephen E.},
  title         = {Privacy-preserving Data Sharing for Genome-wide Association Studies},
  journal       = {The Journal of Privacy and Confidentiality},
  volume        = {5},
  number        = {1},
  pages         = {137--166},
  year          = {2013}
}

@article{Valiant84,
  author        = {Valiant, Leslie G.},
  title         = {A Theory of the Learnable},
  journal       = {Communications of the ACM},
  year          = {1984},
  volume        = {27},
  number        = {11},
  pages         = {1134--1142},
  publisher     = {ACM}
}

@article{Valiant11,
  author        = {Valiant, Paul},
  title         = {Testing Symmetric Properties of Distributions},
  journal       = {SIAM Journal on Computing},
  year          = {2011},
  volume        = {40},
  number        = {6},
  pages         = {1927--1968},
  publisher     = {SIAM}
}

@article{ValiantV10a,
  author        = {Valiant, Gregory and Valiant, Paul},
  title         = {A {CLT} and tight lower bounds for estimating entropy},
  journal       = {Electronic Colloquium on Computational Complexity (ECCC)},
  volume        = {17},
  year          = {2010},
  number        = {179},
}

@article{ValiantV10b,
  author        = {Valiant, Gregory and Valiant, Paul},
  title         = {Estimating the unseen: A sublinear-sample canonical estimator of distributions},
  journal       = {Electronic Colloquium on Computational Complexity (ECCC)},
  volume        = {17},
  year          = {2010},
  number        = {180},
}

@inproceedings{ValiantV11a,
  author        = {Valiant, Gregory and Valiant, Paul},
  title         = {Estimating the unseen: An $n/\log n$-sample Estimator for Entropy and Support Size, Shown Optimal via New {CLT}s},
  booktitle     = {Proceedings of the 43rd Annual ACM Symposium on the Theory of Computing},
  series        = {STOC '11},
  year          = {2011},
  pages         = {685--694},
  publisher     = {ACM},
  address       = {New York, NY, USA},
}

@inproceedings{ValiantV11b,
  author        = {Valiant, Gregory and Valiant, Paul},
  title         = {The Power of Linear Estimators},
  booktitle     = {Proceedings of the 52nd Annual IEEE Symposium on Foundations of Computer Science},
  series        = {FOCS '11},
  year          = {2011},
  pages         = {403--412},
  publisher     = {IEEE Computer Society},
  address       = {Washington, DC, USA},
}

@inproceedings{ValiantV13,
  author        = {Valiant, Gregory and Valiant, Paul},
  title         = {Estimating the Unseen: Improved Estimators for Entropy and Other Properties},
  booktitle     = {Advances in Neural Information Processing Systems 26},
  series        = {NIPS '13},
  year          = {2013},
  pages         = {2157--2165},
  publisher     = {Curran Associates, Inc.}
}

@article{ValiantV17a,
  author        = {Valiant, Gregory and Valiant, Paul},
  title         = {An Automatic Inequality Prover and Instance Optimal Identity Testing},
  journal       = {SIAM Journal on Computing},
  year          = {2017},
  volume        = {46},
  number        = {1},
  pages         = {429--455},
  publisher     = {SIAM}
}

@article{ValiantV17b,
  author        = {Valiant, Gregory and Valiant, Paul},
  title         = {Estimating the Unseen: Improved Estimators for Entropy and Other Properties},
  journal       = {Journal of the ACM},
  year          = {2017},
  volume        = {64},
  number        = {6},
  pages         = {37:1--37:41},
  publisher     = {ACM}
}

@book{VanderVaart00,
  author        = {Van der Vaart, A. W},
  title         = {Asymptotic Statistics},
  volume        = {3},
  year          = {2000},
  publisher     = {Cambridge University Press}
}


@book{VapnikC74,
  author        = {Vapnik, Vladimir and Chervonenkis, Alexey},
  title         = {Theory of Pattern Recognition},
  publisher     = {Nauka},
  year          = {1974}
}

@inproceedings{VempalaW04,
  author        = {Vempala, Santosh and Wang, Grant},
  title         = {A Spectral Algorithm for Learning Mixtures of Distributions},
  booktitle     = {Proceedings of the 43rd Annual IEEE Symposium on Foundations of Computer Science},
  series        = {FOCS '02},
  year          = {2002},
  pages         = {113--123},
  publisher     = {IEEE Computer Society},
  address       = {Washington, DC, USA},
}

@inproceedings{VuffrayMLC16,
  author        = {Vuffray, Marc and Misra, Sidhant and Lokhov, Andrey and Chertkov, Michael},
  title         = {Interaction Screening: Efficient and Sample-Optimal Learning of {I}sing Models},
  booktitle     = {Advances in Neural Information Processing Systems 29},
  series        = {NIPS '16},
  year          = {2016},
  pages         = {2595--2603},
  publisher     = {Curran Associates, Inc.}
}

@inproceedings{Waggoner15,
  author        = {Waggoner, Bo},
  title         = {$L_p$ Testing and Learning of Discrete Distributions},
  booktitle     = {Proceedings of the 6th Conference on Innovations in Theoretical Computer Science},
  series        = {ITCS '15},
  year          = {2015},
  pages         = {347--356},
  publisher     = {ACM},
  address       = {New York, NY, USA}
}

@article{WangLK15,
  title         = {Revisiting Differentially Private Hypothesis Tests for Categorical Data},
  author        = {Wang, Yue and Lee, Jaewoo and Kifer, Daniel},
  journal       = {arXiv preprint arXiv:1511.03376},
  year          = {2015}
}

@inproceedings{WangWS15,
  author        = {Wang, Yining and Wang, Yu-Xiang and Singh, Aarti},
  title         = {Differentially Private Subspace Clustering},
  booktitle     = {Advances in Neural Information Processing Systems 28},
  series        = {NIPS '15},
  year          = {2015},
  pages         = {1000--1008},
  publisher     = {Curran Associates, Inc.}
}

@inproceedings{WigdersonY12,
  author        = {Wigderson, Avi and Yehudayoff, Amir},
  title         = {Population Recovery and Partial Identification},
  booktitle     = {Proceedings of the 53rd Annual IEEE Symposium on Foundations of Computer Science},
  series        = {FOCS '12},
  year          = {2012},
  pages         = {390--399},
  publisher     = {IEEE Computer Society},
  address       = {Washington, DC, USA}
}

@article{Williams46,
  author        = {Williams, J. D.},
  title         = {An Approximation to the Probability Integral},
  journal       = {The Annals of Mathematical Statistics},
  volume        = {17},
  number        = {3},
  pages         = {363--365},
  year          = {1946},
  publisher     = {Institute of Mathematical Statistics}
}


@article{WittenNC87,
  author        = {Witten, Ian H. and Neal, Radford M. and Cleary, John G.},
  title         = {Arithmetic Coding for Data Compression},
  journal       = {Communications of the ACM},
  year          = {1987},
  volume        = {30},
  number        = {6},
  pages         = {520--540},
  publisher     = {ACM}
}

@article{Wooley96,
  author        = {Wooley, Trevor D.},
  title         = {A Note on Simultaneous Congruences},
  journal       = {Journal of Number Theory},
  year          = {1996},
  volume        = {58},
  number        = {2},
  pages         = {288--297},
  publisher     = {Elsevier}
}

@article{WuY16,
  author        = {Wu, Yihong and Yang, Pengkun},
  title         = {Minimax rates of entropy estimation on large alphabets via best polynomial approximation},
  journal       = {IEEE Transactions on Information Theory},
  year          = {2016},
  volume        = {62},
  number        = {6},
  pages         = {3702--3720},
  publisher     = {IEEE}
}

@article{WuY18,
  author        = {Wu, Yihong and Yang, Pengkun},
  title         = {{C}hebyshev Polynomials, Moment Matching, and Optimal Estimation of the Unseen},
  journal       = {The Annals of Statistics},
  publisher     = {The Institute of Mathematical Statistics},
  year          = {2018}
}

@article{Yatracos85,
  author        = {Yatracos, Yannis G.},
  journal       = {The Annals of Statistics},
  number        = {2},
  pages         = {768--774},
  publisher     = {JSTOR},
  title         = {Rates of Convergence of Minimum Distance Estimators and {K}olmogorov's Entropy},
  volume        = {13},
  year          = {1985}
}

@article{YuFSU14,
  author        = {Yu, Fei and Fienberg, Stephen E. and Slavkovi{\'c}, Aleksandra B. and Uhler, Caroline},
  journal       = {Journal of Biomedical Informatics},
  pages         = {133--141},
  publisher     = {Elsevier},
  title         = {Scalable Privacy-Preserving Data Sharing Methodology for Genome-Wide Association Studies},
  volume        = {50},
  year          = {2014}
}

@article{ZouVVKCSLSDM16,
  title         = {Quantifying Unobserved Protein-Coding Variants in Human Populations Provides a Roadmap for Large-Scale Sequencing Projects},
  author        = {Zou, James and Valiant, Gregory and Valiant, Paul and Karczewski, Konrad and Chan, Siu On and Samocha, Kaitlin and Lek, Monkol and Sunyaev, Shamil and Daly, Mark and MacArthur, Daniel G.},
  journal       = {Nature Communications},
  volume        = {7},
  year          = {2016},
  publisher     = {Nature Publishing Group}
}
