@inproceedings{li2017robust,
  title={Robust and proper learning for mixtures of gaussians via systems of polynomial inequalities},
  author={Li, Jerry and Schmidt, Ludwig},
  booktitle={Conference on Learning Theory},
  pages={1302--1382},
  year={2017}
}

@article{ashtiani2017sample,
  title={Sample-Efficient Learning of Mixtures},
  author={Ashtiani, Hassan and Ben-David, Shai and Mehrabian, Abbas},
  journal={arXiv preprint arXiv:1706.01596},
  year={2017}
}

@inproceedings{allen2016lazysvd,
  title={LazySVD: Even faster SVD decomposition yet without agonizing pain},
  author={Allen-Zhu, Zeyuan and Li, Yuanzhi},
  booktitle={Advances in Neural Information Processing Systems},
  pages={974--982},
  year={2016}
}


@inproceedings{spielman2001smoothed,
  title={Smoothed analysis of algorithms: Why the simplex algorithm usually takes polynomial time},
  author={Spielman, Daniel and Teng, Shang-Hua},
  booktitle={Proceedings of the thirty-third annual ACM symposium on Theory of computing},
  pages={296--305},
  year={2001},
  organization={ACM}
}

@inproceedings{ge2015learning,
  title={Learning mixtures of gaussians in high dimensions},
  author={Ge, Rong and Huang, Qingqing and Kakade, Sham M},
  booktitle={Proceedings of the forty-seventh annual ACM symposium on Theory of computing},
  pages={761--770},
  year={2015},
  organization={ACM}
}

@inproceedings{li2017convergence,
  title={Convergence analysis of two-layer neural networks with relu activation},
  author={Li, Yuanzhi and Yuan, Yang},
  booktitle={Advances in Neural Information Processing Systems},
  pages={597--607},
  year={2017}
}

@inproceedings{moitra2010settling,
  title={Settling the polynomial learnability of mixtures of gaussians},
  author={Moitra, Ankur and Valiant, Gregory},
  booktitle={Foundations of Computer Science (FOCS), 2010 51st Annual IEEE Symposium on},
  pages={93--102},
  year={2010},
  organization={IEEE}
}

@book{durrett2010probability,
  title={Probability: theory and examples},
  author={Durrett, Rick},
  year={2010},
  publisher={Cambridge university press}
}

@inproceedings{zhong2016mixed,
  title={Mixed linear regression with multiple components},
  author={Zhong, Kai and Jain, Prateek and Dhillon, Inderjit S},
  booktitle={Advances in Neural Information Processing Systems},
  pages={2190--2198},
  year={2016}
}

@inproceedings{yi2014alternating,
  title={Alternating minimization for mixed linear regression},
  author={Yi, Xinyang and Caramanis, Constantine and Sanghavi, Sujay},
  booktitle={International Conference on Machine Learning},
  pages={613--621},
  year={2014}
}

@article{vershynin2010introduction,
  title={Introduction to the non-asymptotic analysis of random matrices},
  author={Vershynin, Roman},
  journal={arXiv preprint arXiv:1011.3027},
  year={2010}
}

@article{faria2010fitting,
  title={Fitting mixtures of linear regressions},
  author={Faria, Susana and Soromenho, Gilda},
  journal={Journal of Statistical Computation and Simulation},
  volume={80},
  number={2},
  pages={201--225},
  year={2010},
  publisher={Taylor \& Francis}
}


@article{de1989mixtures,
  title={Mixtures of linear regressions},
  author={De Veaux, Richard D},
  journal={Computational Statistics \& Data Analysis},
  volume={8},
  number={3},
  pages={227--245},
  year={1989},
  publisher={Elsevier}
}

@article{grun2007applications,
  title={Applications of finite mixtures of regression models},
  author={Gr{\"u}n, Bettina and Leisch, Friedrich and others},
  year={2007}
}

@article{jordan1994hierarchical,
  title={Hierarchical mixtures of experts and the EM algorithm},
  author={Jordan, Michael I and Jacobs, Robert A},
  journal={Neural computation},
  volume={6},
  number={2},
  pages={181--214},
  year={1994},
  publisher={MIT Press}
}

@inproceedings{gaffney1999trajectory,
  title={Trajectory clustering with mixtures of regression models},
  author={Gaffney, Scott and Smyth, Padhraic},
  booktitle={Proceedings of the fifth ACM SIGKDD international conference on Knowledge discovery and data mining},
  pages={63--72},
  year={1999},
  organization={ACM}
}

@article{balakrishnan2017statistical,
  title={Statistical guarantees for the EM algorithm: From population to sample-based analysis},
  author={Balakrishnan, Sivaraman and Wainwright, Martin J and Yu, Bin and others},
  journal={The Annals of Statistics},
  volume={45},
  number={1},
  pages={77--120},
  year={2017},
  publisher={Institute of Mathematical Statistics}
}


@inproceedings{chaganty2013spectral,
  title={Spectral experts for estimating mixtures of linear regressions},
  author={Chaganty, Arun T and Liang, Percy},
  booktitle={Proceedings of the 30th International Conference on Machine Learning (ICML-13)},
  pages={1040--1048},
  year={2013}
}

@inproceedings{chen2014convex,
  title={A convex formulation for mixed regression with two components: Minimax optimal rates},
  author={Chen, Yudong and Yi, Xinyang and Caramanis, Constantine},
  booktitle={Conference on Learning Theory},
  pages={560--604},
  year={2014}
}

@inproceedings{sedghi2016provable,
  title={Provable tensor methods for learning mixtures of generalized linear models},
  author={Sedghi, Hanie and Janzamin, Majid and Anandkumar, Anima},
  booktitle={Artificial Intelligence and Statistics},
  pages={1223--1231},
  year={2016}
}

@article{klusowski2017estimating,
  title={Estimating the coefficients of a mixture of two linear regressions by expectation maximization},
  author={Klusowski, Jason M and Yang, Dana and Brinda, WD},
  journal={arXiv preprint arXiv:1704.08231},
  year={2017}
}

@article{khalili2007variable,
  title={Variable selection in finite mixture of regression models},
  author={Khalili, Abbas and Chen, Jiahua},
  journal={Journal of the american Statistical association},
  volume={102},
  number={479},
  pages={1025--1038},
  year={2007},
  publisher={Taylor \& Francis}
}

@article{holden2017gravitational,
  title={Gravitational allocation for uniform points on the sphere},
  author={Holden, Nina and Peres, Yuval and Zhai, Alex},
  journal={arXiv preprint arXiv:1704.08238},
  year={2017}
}

@article{yi2016solving,
  title={Solving a mixture of many random linear equations by tensor decomposition and alternating minimization},
  author={Yi, Xinyang and Caramanis, Constantine and Sanghavi, Sujay},
  journal={arXiv preprint arXiv:1608.05749},
  year={2016}
}
