@inproceedings{jiao2016minimaxl1distance,
  title={Minimax estimation of the ${L}_1$ distance},
  author={Jiao, Jiantao and Han, Yanjun and Weissman, Tsachy},
  booktitle={Information Theory (ISIT), 2016 IEEE International Symposium on},
  pages={750--754},
  year={2016},
  organization={IEEE}
}