@inproceedings{BunNSV15,
  title={Differentially private release and learning of threshold functions},
  author={Bun, Mark and Nissim, Kobbi and Stemmer, Uri and Vadhan, Salil},
  booktitle={Foundations of Computer Science (FOCS), 2015 IEEE 56th Annual Symposium on},
  pages={634--649},
  year={2015},
  organization={IEEE},
  url={https://arxiv.org/abs/1504.07553}
}

@article{Steinke16,
  title={Adaptive Data Analysis},
  author={Steinke, Thomas},
  year={2016},
  note={Lecture Notes },
  url={http://people.seas.harvard.edu/~madhusudan/courses/Spring2016/notes/thomas-notes-ada.pdf},
}

@article{SteinkeU17subg,
  title={Subgaussian Tail Bounds via Stability Arguments},
  author={Steinke, Thomas and Ullman, Jonathan},
  journal={arXiv preprint arXiv:1701.03493},
  year={2017},
  url={https://arxiv.org/abs/1701.03493},
}

@article{VanErwenH14,
  title={R{\'e}nyi divergence and Kullback-Leibler divergence},
  author={Van Erven, Tim and Harremos, Peter},
  journal={IEEE Transactions on Information Theory},
  volume={60},
  number={7},
  pages={3797--3820},
  year={2014},
  publisher={IEEE},
  url={https://arxiv.org/abs/1206.2459},
}

@article{Bernstein24,
  title={On a modification of chebyshev's inequality and of the error formula of laplace},
  author={Bernstein, Sergei},
  journal={Ann. Sci. Inst. Sav. Ukraine, Sect. Math},
  volume={1},
  number={4},
  pages={38--49},
  year={1924}
}

@book{CoverT12,
  title={Elements of information theory},
  author={Cover, Thomas M and Thomas, Joy A},
  year={2012},
  publisher={John Wiley \& Sons},
  edition={2},
  url={http://coltech.vnu.edu.vn/~thainp/books/Wiley_-_2006_-_Elements_of_Information_Theory_2nd_Ed.pdf},
}

@book{Gray11,
  title={Entropy and information theory},
  author={Gray, Robert M},
  year={2011},
  publisher={Springer},
  url = {https://ee.stanford.edu/~gray/it.html},
}

@inproceedings{Wang16,
  title={On-Average KL-Privacy and Its Equivalence to Generalization for Max-Entropy Mechanisms},
  author={Wang, Yu-Xiang and Lei, Jing and Fienberg, Stephen E},
  booktitle={International Conference on Privacy in Statistical Databases},
  pages={121--134},
  year={2016},
  organization={Springer},
  url={https://arxiv.org/abs/1605.02277},
}

@article{McAllester13,
  title={A PAC-Bayesian tutorial with a dropout bound},
  author={McAllester, David},
  journal={arXiv preprint arXiv:1307.2118},
  year={2013},
  url={https://arxiv.org/abs/1307.2118},
}

@inproceedings{FeldmanS17,
author = {Vitaly Feldman and Thomas Steinke},
title = {Generalization for Adaptively-chosen Estimators via Stable Median},
booktitle = {Conference on Learning Theory (COLT)},
year = {2017},
url={https://arxiv.org/abs/1706.05069}
}

@inproceedings{BassilyNSSSU16--deprecated,
  title={Algorithmic stability for adaptive data analysis},
  author={Bassily, Raef and Nissim, Kobbi and Smith, Adam and Steinke, Thomas and Stemmer, Uri and Ullman, Jonathan},
  booktitle={Proceedings of the 48th Annual ACM SIGACT Symposium on Theory of Computing},
  pages={1046--1059},
  year={2016},
  organization={ACM}
}
@inproceedings{DworkFHPRR15,
  title={Preserving statistical validity in adaptive data analysis},
  author={Dwork, Cynthia and Feldman, Vitaly and Hardt, Moritz and Pitassi, Toniann and Reingold, Omer and Roth, Aaron},
  booktitle={Proceedings of the Forty-Seventh Annual ACM on Symposium on Theory of Computing},
  pages={117--126},
  year={2015},
  organization={ACM}
}

@inproceedings{RogersRST16,
  title={Max-information, differential privacy, and post-selection hypothesis testing},
  author={Rogers, Ryan and Roth, Aaron and Smith, Adam and Thakkar, Om},
  booktitle={Foundations of Computer Science (FOCS), 2016 IEEE 57th Annual Symposium on},
  pages={487--494},
  year={2016},
  organization={IEEE},
  url={https://arxiv.org/abs/1604.03924},
}

@inproceedings{CummingsLNRW16,
  title={Adaptive learning with robust generalization guarantees},
  author={Cummings, Rachel and Ligett, Katrina and Nissim, Kobbi and Roth, Aaron and Wu, Zhiwei Steven},
  booktitle={Proceedings of the 29th Conference on Learning Theory, COLT},
  pages={23--26},
  year={2016},
  url={https://arxiv.org/abs/1602.07726},
}

@inproceedings{RussoZ16,
  title={Controlling bias in adaptive data analysis using information theory},
  author={Russo, Daniel and Zou, James},
  booktitle={Proceedings of the 19th International Conference on Artificial Intelligence and Statistics, AISTATS},
  year={2016},
  url={https://arxiv.org/abs/1511.05219},
}

@inproceedings{DworkFHPRR15:nips,
  title={Generalization in adaptive data analysis and holdout reuse},
  author={Dwork, Cynthia and Feldman, Vitaly and Hardt, Moritz and Pitassi, Toni and Reingold, Omer and Roth, Aaron},
  booktitle={Advances in Neural Information Processing Systems},
  pages={2350--2358},
  year={2015},
  url={https://arxiv.org/abs/1506.02629},
}

@article{KairouzOV13,
  title={The composition theorem for differential privacy},
  author={Kairouz, Peter and Oh, Sewoong and Viswanath, Pramod},
  journal={arXiv preprint arXiv:1311.0776},
  year={2013},
  url={https://arxiv.org/abs/1311.0776},
}

@inproceedings{BunS16,
  title={Concentrated differential privacy: Simplifications, extensions, and lower bounds},
  author={Bun, Mark and Steinke, Thomas},
  booktitle={Theory of Cryptography Conference},
  pages={635--658},
  year={2016},
  organization={Springer Berlin Heidelberg},
  url={https://arxiv.org/abs/1605.02065},
}

@inproceedings{BunSU17,
  title={Make up your mind: The price of online queries in differential privacy},
  author={Bun, Mark and Steinke, Thomas and Ullman, Jonathan},
  booktitle={Proceedings of the Twenty-Eighth Annual ACM-SIAM Symposium on Discrete Algorithms},
  pages={1306--1325},
  year={2017},
  organization={Society for Industrial and Applied Mathematics},
  url={https://arxiv.org/abs/1604.04618},
}

@article{SteinkeU16,
  title={Between Pure and Approximate Differential Privacy},
  author={Steinke, Thomas and Ullman, Jonathan},
  journal={Journal of Privacy and Confidentiality},
  year={2016},
  url={http://repository.cmu.edu/jpc/vol7/iss2/2/},
}

@inproceedings{DworkKMMN06,
  title={Our data, ourselves: Privacy via distributed noise generation},
  author={Dwork, Cynthia and Kenthapadi, Krishnaram and McSherry, Frank and Mironov, Ilya and Naor, Moni},
  booktitle={Annual International Conference on the Theory and Applications of Cryptographic Techniques},
  pages={486--503},
  year={2006},
  organization={Springer Berlin Heidelberg},
  url={https://www.iacr.org/archive/eurocrypt2006/40040493/40040493.pdf},
}

@article{GilAL13,
  title={R{\'e}nyi divergence measures for commonly used univariate continuous distributions},
  author={Gil, Manuel and Alajaji, Fady and Linder, Tamas},
  journal={Information Sciences},
  volume={249},
  pages={124--131},
  year={2013},
  publisher={Elsevier},
  url={http://mast.queensu.ca/~communications/Papers/GiAlLi13.pdf},
}
@article{BanerjeeMDG05,
  title={Clustering with Bregman divergences},
  author={Banerjee, Arindam and Merugu, Srujana and Dhillon, Inderjit S and Ghosh, Joydeep},
  journal={Journal of machine learning research},
  volume={6},
  number={Oct},
  pages={1705--1749},
  year={2005},
  url={http://www.jmlr.org/papers/v6/banerjee05b.html},
}
@article{FrigyikSG08,
  title={Functional Bregman divergence and Bayesian estimation of distributions},
  author={Frigyik, B{\'e}la A and Srivastava, Santosh and Gupta, Maya R},
  journal={IEEE Transactions on Information Theory},
  volume={54},
  number={11},
  pages={5130--5139},
  year={2008},
  publisher={IEEE},
  url={https://arxiv.org/abs/cs/0611123},
}

@article{BassilyFreund:16,
  author    = {Raef Bassily and
               Yoav Freund},
  title     = {Typicality-Based Stability and Privacy},
  journal   = {CoRR},
  volume    = {abs/1604.03336},
  year      = {2016},
  url       = {http://arxiv.org/abs/1604.03336}
}

@inproceedings{RaginskyRTWX16,
  author    = {Maxim Raginsky and
               Alexander Rakhlin and
               Matthew Tsao and
               Yihong Wu and
               Aolin Xu},
  title     = {Information-theoretic analysis of stability and bias of learning algorithms},
  booktitle = {2016 {IEEE} Information Theory Workshop, {ITW} 2016, Cambridge, United
               Kingdom, September 11-14, 2016},
  pages     = {26--30},
  year      = {2016}
}

@inproceedings{McAllester99,
  author    = {David A. McAllester},
  title     = {PAC-Bayesian Model Averaging},
  booktitle = {{COLT}},
  pages     = {164--170},
  year      = {1999},
  doi       = {10.1145/307400.307435}
}

@inproceedings{BassilyMNSY18,
  author    = {Raef Bassily and
               Shay Moran and
               Ido Nachum and
               Jonathan Shafer and
               Amir Yehudayoff},
  title     = {Learners that Use Little Information},
  booktitle = {{ALT}},
  pages     = {25--55},
  year      = {2018},
  url       = {http://proceedings.mlr.press/v83/bassily18a.html}
}

@inproceedings{Mironov17,
  author    = {Ilya Mironov},
  title     = {R{\'{e}}nyi Differential Privacy},
  booktitle = {Computer Security Foundations Symposium, {CSF}},
  pages     = {263--275},
  year      = {2017}
}

@article{FeldmanSteinke17arxiv,
  author    = {Vitaly Feldman and
               Thomas Steinke},
  title     = {Calibrating Noise to Variance in Adaptive Data Analysis},
  journal   = {CoRR},
  volume    = {abs/1712.07196},
  year      = {2017},
  url       = {http://arxiv.org/abs/1712.07196},
  archivePrefix = {arXiv},
  eprint    = {1712.07196}
}
