@misc{wainwright2015basic,
  title={Basic tail and concentration bounds},
  author={Wainwright, Martin},
  url={https://www.stat.berkeley.edu/~mjwain/stat210b/Chap2_TailBounds_Jan22_2015.pdf},
  year={2015}
}
@article{hristache2001direct,
  title={Direct estimation of the index coefficient in a single-index model},
  author={Hristache, Marian and Juditsky, Anatoli and Spokoiny, Vladimir},
  journal={Annals of Statistics},
  pages={595--623},
  year={2001},
  publisher={JSTOR}
}
@article{hristache2001structure,
  title={Structure adaptive approach for dimension reduction},
  author={Hristache, Marian and Juditsky, Anatoli and Polzehl, J{\"o}rg and Spokoiny, Vladimir},
  journal={The Annals of Statistics},
  volume={29},
  number={6},
  pages={1537--1566},
  year={2001},
  publisher={Institute of Mathematical Statistics}
}
@article{dalalyan2008new,
  title={A new algorithm for estimating the effective dimension-reduction subspace},
  author={Dalalyan, Arnak S and Juditsky, Anatoly and Spokoiny, Vladimir},
  journal={Journal of Machine Learning Research},
  volume={9},
  number={Aug},
  pages={1647--1678},
  year={2008}
}
@incollection{brillinger2012generalized,
  title={A generalized linear model with {``Gaussian''} regressor variables},
  author={Brillinger, David R},
  booktitle={Selected Works of David Brillinger},
  pages={589--606},
  year={2012},
  publisher={Springer}
}
@article{li1992principal,
  title={On principal {Hessian} directions for data visualization and dimension reduction: Another application of {Stein's} lemma},
  author={Li, Ker-Chau},
  journal={Journal of the American Statistical Association},
  volume={87},
  number={420},
  pages={1025--1039},
  year={1992},
  publisher={Taylor \& Francis}
}
@article{plan2017high,
  title={High-dimensional estimation with geometric constraints},
  author={Plan, Yaniv and Vershynin, Roman and Yudovina, Elena},
  journal={Information and Inference: A Journal of the IMA},
  volume={6},
  number={1},
  pages={1--40},
  year={2017},
  publisher={Oxford University Press}
}
@inproceedings{neykov2016agnostic,
  title={Agnostic estimation for misspecified phase retrieval models},
  author={Neykov, Matey and Wang, Zhaoran and Liu, Han},
  booktitle={Advances in Neural Information Processing Systems},
  pages={4089--4097},
  year={2016}
}
@article{li1991sliced,
  title={Sliced inverse regression for dimension reduction},
  author={Li, Ker-Chau},
  journal={Journal of the American Statistical Association},
  volume={86},
  number={414},
  pages={316--327},
  year={1991},
  publisher={Taylor \& Francis}
}
@article{babichev2016slice,
  title={Slice inverse regression with score functions},
  author={Babichev, Dmitry and Bach, Francis},
  year={2016}
}
@article{carbery2001distributional,
  title={Distributional and {$L^q$} norm inequalities for polynomials over convex bodies in {$\mathbb{R}^n$}},
  author={Carbery, A and Wright, J},
  journal={Mathematical research letters},
  volume={8},
  number={3},
  pages={233--248},
  year={2001},
  publisher={International Press}
}
@book{o2014analysis,
  title={Analysis of boolean functions},
  author={O'Donnell, Ryan},
  year={2014},
  publisher={Cambridge University Press}
}
@article{candes2015phase,
  title={Phase retrieval via {Wirtinger} flow: Theory and algorithms},
  author={Candes, Emmanuel J and Li, Xiaodong and Soltanolkotabi, Mahdi},
  journal={IEEE Transactions on Information Theory},
  volume={61},
  number={4},
  pages={1985--2007},
  year={2015},
  publisher={IEEE}
}
@article{sun2015nonconvex,
  title={When are nonconvex problems not scary?},
  author={Sun, Ju and Qu, Qing and Wright, John},
  journal={arXiv preprint arXiv:1510.06096},
  year={2015}
}
@inproceedings{ge2015escaping,
  title={Escaping from saddle points: online stochastic gradient for tensor decomposition},
  author={Ge, Rong and Huang, Furong and Jin, Chi and Yuan, Yang},
  booktitle={Conference on Learning Theory},
  pages={797--842},
  year={2015}
}
@article{arous2017landscape,
  title={The landscape of the spiked tensor model},
  author={Arous, Gerard Ben and Mei, Song and Montanari, Andrea and Nica, Mihai},
  journal={arXiv preprint arXiv:1711.05424},
  year={2017}
}
@article{ge2017learning,
  title={Learning One-hidden-layer Neural Networks with Landscape Design},
  author={Ge, Rong and Lee, Jason D and Ma, Tengyu},
  journal={arXiv preprint arXiv:1711.00501},
  year={2017}
}
@book{horowitz2009semiparametric,
  title={Semiparametric and nonparametric methods in econometrics},
  author={Horowitz, Joel L},
  volume={12},
  year={2009},
  publisher={Springer},
  chapter = 2
}
@article{ai2014one,
  title={One-bit compressed sensing with non-Gaussian measurements},
  author={Ai, Albert and Lapanowski, Alex and Plan, Yaniv and Vershynin, Roman},
  journal={Linear Algebra and its Applications},
  volume={441},
  pages={222--239},
  year={2014},
  publisher={Elsevier}
}