%% This BibTeX bibliography file was created using BibDesk.
%% http://bibdesk.sourceforge.net/


%% Created for Adam Smith at 2012-10-02 23:56:04 -0400 
@article{lindemann2009gilbert,
  title={The Gilbert-Johnson-Keerthi Distance Algorithm},
  author={Lindemann, Patrick},
  journal={Algorithms in Media Informatics},
  year={2009}
}
@article{bandeira2017conditional,
  title={A conditional construction of restricted isometries},
  author={Bandeira, Afonso S and Mixon, Dustin G and Moreira, Joel},
  journal={International Mathematics Research Notices},
  volume={2017},
  number={2},
  pages={372--381},
  year={2017},
  publisher={Oxford University Press}
}
@article{bandeira2016derandomizing,
  title={Derandomizing restricted isometries via the Legendre symbol},
  author={Bandeira, Afonso S and Fickus, Matthew and Mixon, Dustin G and Moreira, Joel},
  journal={Constructive Approximation},
  volume={43},
  number={3},
  pages={409--424},
  year={2016},
  publisher={Springer}
}
@article{adamczak2011restricted,
  title={Restricted isometry property of matrices with independent columns and neighborly polytopes by random sampling},
  author={Adamczak, Radoslaw and Litvak, Alexander E and Pajor, Alain and Tomczak-Jaegermann, Nicole},
  journal={Constructive Approximation},
  volume={34},
  number={1},
  pages={61--88},
  year={2011},
  publisher={Springer}
}
@inproceedings{cheraghchi2011coding,
  title={Coding-theoretic methods for sparse recovery},
  author={Cheraghchi, Mahdi},
  booktitle={Communication, Control, and Computing (Allerton), 2011 49th Annual Allerton Conference on},
  pages={909--916},
  year={2011},
  organization={IEEE}
}
@article{lecue2017sparse,
  title={Sparse recovery under weak moment assumptions},
  author={Lecu{\'e}, Guillaume and Mendelson, Shahar},
  journal={Journal of the European Mathematical Society},
  volume={19},
  number={3},
  pages={881--904},
  year={2017}
}
@article{oliveira2016lower,
  title={The lower tail of random quadratic forms with applications to ordinary least squares},
  author={Oliveira, Roberto Imbuzeiro},
  journal={Probability Theory and Related Fields},
  volume={166},
  number={3-4},
  pages={1175--1194},
  year={2016},
  publisher={Springer}
}
@article{de2014optimal,
  title={Optimal designs for Lasso and Dantzig selector using Expander Codes},
  author={De Castro, Yohann},
  journal={IEEE Transactions on Information Theory},
  volume={60},
  number={11},
  pages={7293--7299},
  year={2014},
  publisher={IEEE}
}
@inproceedings{sivakumar2015beyond,
  title={Beyond sub-gaussian measurements: High-dimensional structured estimation with sub-exponential designs},
  author={Sivakumar, Vidyashankar and Banerjee, Arindam and Ravikumar, Pradeep K},
  booktitle={Advances in neural information processing systems},
  pages={2206--2214},
  year={2015}
}
@article{dobriban2016regularity,
  title={Regularity Properties for Sparse Regression},
  author={Dobriban, Edgar and Fan, Jianqing},
  journal={Communications in mathematics and statistics},
  volume={4},
  number={1},
  pages={1--19},
  year={2016},
  publisher={Springer}
}
@article{candes2005decoding,
  title={Decoding by linear programming},
  author={Candes, Emmanuel J and Tao, Terence},
  journal={IEEE transactions on information theory},
  volume={51},
  number={12},
  pages={4203--4215},
  year={2005},
  publisher={IEEE}
}
@article{candes2007dantzig,
  title={The Dantzig selector: Statistical estimation when p is much larger than n},
  author={Candes, Emmanuel and Tao, Terence and others},
  journal={The Annals of Statistics},
  volume={35},
  number={6},
  pages={2313--2351},
  year={2007},
  publisher={Institute of Mathematical Statistics}
}

@article{hanson1971bound,
  title={A bound on tail probabilities for quadratic forms in independent random variables},
  author={Hanson, David Lee and Wright, Farroll Tim},
  journal={The Annals of Mathematical Statistics},
  volume={42},
  number={3},
  pages={1079--1083},
  year={1971},
  publisher={JSTOR}
}

@article{RVsubmatrices,
  title={Sampling from large matrices: An approach through geometric functional analysis},
  author={Rudelson, Mark and Vershynin, Roman},
  journal={Journal of the ACM (JACM)},
  volume={54},
  number={4},
  pages={21},
  year={2007},
  publisher={ACM}
}



@article{RVHanson-Wright,
  title={Hanson-Wright inequality and sub-gaussian concentration},
  author={Rudelson, Mark and Vershynin, Roman},
  journal={Electronic Communications in Probability},
  volume={18},
  year={2013},
  publisher={The Institute of Mathematical Statistics and the Bernoulli Society}
}

@inproceedings{maillard2010scrambled,
  title={Scrambled objects for least-squares regression},
  author={Maillard, Odalric and Munos, R{\'e}mi},
  booktitle={NIPS},
  year={2010}
}

@inproceedings{zhang2016accelerated,
  title={Accelerated Sparse Linear Regression via Random Projection},
  author={Zhang, Weizhong and Zhang, Lijun and Jin, Rong and Cai, Deng and He, Xiaofei},
  booktitle={Thirtieth AAAI Conference on Artificial Intelligence},
  year={2016}
}


@article{tropp2011improved,
  title={Improved analysis of the subsampled randomized Hadamard transform},
  author={Tropp, Joel A},
  journal={Advances in Adaptive Data Analysis},
  volume={3},
  number={01n02},
  pages={115--126},
  year={2011},
  publisher={World Scientific}
}
@article{krahmer2011new,
  title={New and improved Johnson-Lindenstrauss embeddings via the restricted isometry property},
  author={Krahmer, Felix and Ward, Rachel},
  journal={SIAM Journal on Mathematical Analysis},
  volume={43},
  number={3},
  pages={1269--1281},
  year={2011},
  publisher={SIAM}
}

@article{boutsidis2013improved,
  title={Improved matrix algorithms via the subsampled randomized Hadamard transform},
  author={Boutsidis, Christos and Gittens, Alex},
  journal={SIAM Journal on Matrix Analysis and Applications},
  volume={34},
  number={3},
  pages={1301--1340},
  year={2013},
  publisher={SIAM}
}

@article{ailon2009fast,
  title={The fast Johnson-Lindenstrauss transform and approximate nearest neighbors},
  author={Ailon, Nir and Chazelle, Bernard},
  journal={SIAM Journal on Computing},
  volume={39},
  number={1},
  pages={302--322},
  year={2009},
  publisher={SIAM}
}

@article{baraniuk2008simple,
  title={A simple proof of the restricted isometry property for random matrices},
  author={Baraniuk, Richard and Davenport, Mark and DeVore, Ronald and Wakin, Michael},
  journal={Constructive Approximation},
  volume={28},
  number={3},
  pages={253--263},
  year={2008},
  publisher={Springer}
}

@article{clarkson2010coresets,
  title={Coresets, sparse greedy approximation, and the Frank-Wolfe algorithm},
  author={Clarkson, Kenneth L},
  journal={ACM Transactions on Algorithms (TALG)},
  volume={6},
  number={4},
  pages={63},
  year={2010},
  publisher={ACM}
}

@inproceedings{bingham2001random,
  title={Random projection in dimensionality reduction: applications to image and text data},
  author={Bingham, Ella and Mannila, Heikki},
  booktitle={Proceedings of the seventh ACM SIGKDD international conference on Knowledge discovery and data mining},
  pages={245--250},
  year={2001},
  organization={ACM}
}


@book{pfandersampling,
  title={Sampling Theory, a Renaissance},
  author={Pfander, G{\"o}tz E},
  publisher={Springer},
 year={2015},
}

@article{raskutti2010restricted,
  title={Restricted eigenvalue properties for correlated Gaussian designs},
  author={Raskutti, Garvesh and Wainwright, Martin J and Yu, Bin},
  journal={JMLR},
  volume={11},
  pages={2241--2259},
  year={2010},
  publisher={JMLR. org}
}

@article{kenthapadi2013privacy,
  title={Privacy via the Johnson-Lindenstrauss Transform},
  author={Kenthapadi, Krishnaram and Korolova, Aleksandra and Mironov, Ilya and Mishra, Nina},
  journal={Journal of Privacy and Confidentiality},
  volume={5},
  number={1},
  pages={39--71},
  year={2013},
  publisher={Citeseer}
}

@inproceedings{DBLP:conf/uai/MishraT15,
  author    = {Nikita Mishra and
               Abhradeep Thakurta},
  title     = {(Nearly) Optimal Differentially Private Stochastic Multi-Arm Bandits},
  booktitle = {UAI},
  pages     = {592--601},
  year      = {2015},
}

@article{halko2011finding,
  title={Finding structure with randomness: Probabilistic algorithms for constructing approximate matrix decompositions},
  author={Halko, Nathan and Martinsson, Per-Gunnar and Tropp, Joel A},
  journal={SIAM review},
  volume={53},
  number={2},
  pages={217--288},
  year={2011},
  publisher={SIAM}
}
@inproceedings{zhou2008compressed,
  title={Compressed regression},
  author={Zhou, Shuheng and Wasserman, Larry and Lafferty, John D},
  booktitle={NIPS},
  pages={1713--1720},
  year={2008}
}

@inproceedings{nelson2013osnap,
  title={OSNAP: Faster numerical linear algebra algorithms via sparser subspace embeddings},
  author={Nelson, John and Nguy{\^e}n, Huy L},
  booktitle={Foundations of Computer Science (FOCS), 2013 IEEE 54th Annual Symposium on},
  pages={117--126},
  year={2013},
  organization={IEEE}
}
@article{sarwate2013signal,
  title={Signal processing and machine learning with differential privacy: Algorithms and challenges for continuous data},
  author={Sarwate, Anand D and Chaudhuri, Kamalika},
  journal={SP Magazine, IEEE},
  volume={30},
  number={5},
  pages={86--94},
  year={2013},
  publisher={IEEE}
}
@inproceedings{zhou2009differential,
  title={Differential privacy with compression},
  author={Zhou, Shuheng and Ligett, Katrina and Wasserman, Larry},
  booktitle={Information Theory, 2009. ISIT 2009. IEEE International Symposium on},
  pages={2718--2722},
  year={2009},
  organization={IEEE}
}
@article{lee2015communication,
  title={Communication-efficient sparse regression: a one-shot approach},
  author={Lee, Jason D and Sun, Yuekai and Liu, Qiang and Taylor, Jonathan E},
  journal={arXiv preprint arXiv:1503.04337},
  year={2015}
}

@inproceedings{kasiviswanathanicml,
  title={Efficient Private Empirical Risk Minimization for High-dimensional Learning},
  author={Kasiviswanathan, Shiva and Jin, Hongxia},
  booktitle={ICML},
  year={2016},
}

@misc{wolfram,
title={\url{https://www.wolframalpha.com/examples/EquationSolving.html}},
 author={WolframAlpha},
year={2016},
}
@inproceedings{fard2012compressed,
  title={Compressed Least-Squares Regression on Sparse Spaces.},
  author={Fard, Mahdi Milani and Grinberg, Yuri and Pineau, Joelle and Precup, Doina},
  booktitle={AAAI},
  year={2012}
}
@book{ledoux2013probability,
  title={Probability in Banach Spaces: isoperimetry and processes},
  author={Ledoux, Michel and Talagrand, Michel},
  volume={23},
  year={2013},
  publisher={Springer Science \& Business Media}
}

@article{vershynin2014estimation,
  title={Estimation in high dimensions: a geometric perspective},
  author={Vershynin, Roman},
  journal={arXiv preprint arXiv:1405.5103},
  year={2014}
}

@article{mendelson2007reconstruction,
  title={Reconstruction and subgaussian operators in asymptotic geometric analysis},
  author={Mendelson, Shahar and Pajor, Alain and Tomczak-Jaegermann, Nicole},
  journal={Geometric and Functional Analysis},
  volume={17},
  number={4},
  pages={1248--1282},
  year={2007},
  publisher={Springer}
}

@article{dirksen2014dimensionality,
  title={Dimensionality reduction with subgaussian matrices: a unified theory},
  author={Dirksen, Sjoerd},
  journal={arXiv preprint arXiv:1402.3973},
  year={2014}
}

@book{gordon1988milman,
  title={On Milman's inequality and random subspaces which escape through a mesh in $\R^n$},
  author={Gordon, Yehoram},
  year={1988},
  publisher={Springer}
}

@inproceedings{bourgain2015toward,
  title={Toward a unified theory of sparse dimensionality reduction in Euclidean space},
  author={Bourgain, Jean and Sjoerd, Dirksen and Nelson, Jelani},
  booktitle={Proceedings of the 47th ACM Symposium on Theory of Computing},
  year={2015},
  organization={Association for Computing Machinery}
}

@article{davenport2006detection,
  title={Detection and estimation with compressive measurements},
  author={Davenport, Mark A and Wakin, Michael B and Baraniuk, Richard G},
  journal={Dept. of ECE, Rice University, Tech. Rep},
  year={2006}
}

@article{calderbank2009compressed,
  title={Compressed learning: Universal sparse dimensionality reduction and learning in the measurement domain},
  author={Calderbank, Robert and Jafarpour, Sina and Schapire, Robert},
  journal={preprint},
  year={2009}
}

@inproceedings{jain2013differentially,
  title={Differentially private learning with kernels},
  author={Jain, Prateek and Thakurta, Abhradeep},
  booktitle={Proceedings of the 30th International Conference on Machine Learning (ICML-13)},
  pages={118--126},
  year={2013}
}

@article{shalev2010learnability,
  title={Learnability, stability and uniform convergence},
  author={Shalev-Shwartz, Shai and Shamir, Ohad and Srebro, Nathan and Sridharan, Karthik},
  journal={JMLR},
  volume={11},
  pages={2635--2670},
  year={2010},
  publisher={JMLR. org}
}

@inproceedings{DNRR15,
 title={Pure Differential Privacy for Rectangle Queries via Private Partitions},
author={Cynthia Dwork and Moni Naor and Omer Reingold and Guy Rothblum},
booktitle={ASIACRYPT},
year={2015},
}

@inproceedings{chaudhuri2009privacy,
  title={Privacy-preserving logistic regression},
  author={Chaudhuri, Kamalika and Monteleoni, Claire},
  booktitle={NIPS},
  pages={289--296},
  year={2009}
}

@inproceedings{ullman2015private,
  title={Private multiplicative weights beyond linear queries},
  author={Ullman, Jonathan},
  booktitle={Proceedings of the 34th ACM Symposium on Principles of Database Systems},
  pages={303--312},
  year={2015},
  organization={ACM}
}
@article{bourgain2011explicit,
  title={Explicit constructions of RIP matrices and related problems},
  author={Bourgain, Jean and Dilworth, Stephen and Ford, Kevin and Konyagin, Sergei and Kutzarova, Denka and others},
  journal={Duke Mathematical Journal},
  volume={159},
  number={1},
  pages={145--185},
  year={2011},
  publisher={Duke University Press}
}
@article{rudelson2008sparse,
  title={On sparse reconstruction from Fourier and Gaussian measurements},
  author={Rudelson, Mark and Vershynin, Roman},
  journal={Communications on Pure and Applied Mathematics},
  volume={61},
  number={8},
  pages={1025--1045},
  year={2008},
  publisher={Wiley Online Library}
}
@article{mendelson2008uniform,
  title={Uniform uncertainty principle for Bernoulli and subgaussian ensembles},
  author={Mendelson, Shahar and Pajor, Alain and Tomczak-Jaegermann, Nicole},
  journal={Constructive Approximation},
  volume={28},
  number={3},
  pages={277--289},
  year={2008},
  publisher={Springer}
}

@article{van2008high,
  title={High-dimensional generalized linear models and the lasso},
  author={Van de Geer, Sara A},
  journal={The Annals of Statistics},
  pages={614--645},
  year={2008},
  publisher={JSTOR}
}

@article{bickel2009simultaneous,
  title={Simultaneous analysis of Lasso and Dantzig selector},
  author={Bickel, Peter J and Ritov, Ya'acov and Tsybakov, Alexandre B},
  journal={The Annals of Statistics},
  pages={1705--1732},
  year={2009},
  publisher={JSTOR}
}
@article{vershynin2011lectures,
  title={Lectures in geometric functional analysis},
  author={Vershynin, R},
  journal={Preprint, University of Michigan},
  year={2011}
}

@article{duchi2014privacy,
  title={Privacy Aware Learning},
  author={Duchi, John C and Jordan, Michael I and Wainwright, Martin J},
  journal={Journal of the ACM (JACM)},
  volume={61},
  number={6},
  pages={38},
  year={2014},
  publisher={ACM}
}

@article{talwar2014private,
  title={Private Empirical Risk Minimization Beyond the Worst Case: The Effect of the Constraint Set Geometry},
  author={Talwar, Kunal and Thakurta, Abhradeep and Zhang, Li},
  journal={arXiv preprint arXiv:1411.5417, To appear in NIPS},
  year={2015}
}

@inproceedings{DBLP:journals/jmlr/JainKT12,
  author    = {Prateek Jain and
               Pravesh Kothari and
               Abhradeep Thakurta},
  title     = {Differentially Private Online Learning},
  booktitle = {{COLT} 2012},
  pages     = {24.1--24.34},
  year      = {2012},
}

@inproceedings{talwar2015nearly,
  title={Nearly Optimal Private LASSO},
  author={Talwar, Kunal and Thakurta, Abhradeep and Zhang, Li},
  booktitle={NIPS},
  year={2015}
}
@article{kasiviswanathan2014semantics,
  title={On the'Semantics' of Differential Privacy: A Bayesian Formulation},
  author={Kasiviswanathan, Shiva and Smith, Adam},
  journal={Journal of Privacy and Confidentiality},
  volume={6},
  number={1},
  pages={1},
  year={2014}
}


@inproceedings{kasiviswanathan2013power,
  title={The power of linear reconstruction attacks},
  author={Kasiviswanathan, Shiva Prasad and Rudelson, Mark and Smith, Adam},
  booktitle={Proceedings of the Twenty-Fourth Annual ACM-SIAM Symposium on Discrete Algorithms},
  pages={1415--1433},
  year={2013},
  organization={SIAM}
}

@inproceedings{thakurta2013nearly,
  title={(Nearly) optimal algorithms for private online learning in full-information and bandit settings},
  author={Thakurta, Abhradeep Guha and Smith, Adam},
  booktitle={NIPS},
  pages={2733--2741},
  year={2013}
}


@inproceedings{DBLP:journals/jmlr/KiferST12,
  author    = {Daniel Kifer and
               Adam D. Smith and
               Abhradeep Thakurta},
  title     = {Private Convex Optimization for Empirical Risk Minimization with Applications
               to High-dimensional Regression},
  booktitle = {{COLT} 2012},
  pages     = {25.1--25.40},
  year      = {2012},
}


@article{rubinstein2009learning,
  title={Learning in a large function space: Privacy-preserving mechanisms for svm learning},
  author={Rubinstein, Benjamin IP and Bartlett, Peter L and Huang, Ling and Taft, Nina},
  journal={arXiv preprint arXiv:0911.5708},
  year={2009}
}

@article{dwork2013algorithmic,
  title={The algorithmic foundations of differential privacy},
  author={Dwork, Cynthia and Roth, Aaron},
  journal={Theoretical Computer Science},
  volume={9},
  number={3-4},
  pages={211--407},
  year={2013}
}

@article{TCS-060,
url = {http://dx.doi.org/10.1561/0400000060},
year = {2014},
volume = {10},
journal = {FnT-TCS},
title = {Sketching as a Tool for Numerical Linear Algebra},
number = {1–2},
pages = {1-157},
author = {David P. Woodruff}
}



@inproceedings{BFMNT13,
  author    = {Jean Bolot and
               Nadia Fawaz and
               S. Muthukrishnan and
               Aleksandar Nikolov and
               Nina Taft},
  title     = {Private decayed predicate sums on streams},
  booktitle = {Joint 2013 {EDBT/ICDT} Conferences, {ICDT} '13 Proceedings, Genoa,
               Italy, March 18-22, 2013},
  pages     = {284--295},
  year      = {2013},
  crossref  = {DBLP:conf/icdt/2013},
  url       = {http://doi.acm.org/10.1145/2448496.2448530},
  doi       = {10.1145/2448496.2448530},
  timestamp = {Sun, 07 Apr 2013 19:52:57 +0200},
  biburl    = {http://dblp.uni-trier.de/rec/bib/conf/icdt/BolotFMNT13},
  bibsource = {dblp computer science bibliography, http://dblp.org}
}

@proceedings{DBLP:conf/icdt/2013,
  editor    = {Wang{-}Chiew Tan and
               Giovanna Guerrini and
               Barbara Catania and
               Anastasios Gounaris},
  title     = {Joint 2013 {EDBT/ICDT} Conferences, {ICDT} '13 Proceedings, Genoa,
               Italy, March 18-22, 2013},
  publisher = {{ACM}},
  year      = {2013},
  url       = {http://dl.acm.org/citation.cfm?id=2448496},
  isbn      = {978-1-4503-1598-2},
  timestamp = {Sun, 07 Apr 2013 19:50:09 +0200},
  biburl    = {http://dblp.uni-trier.de/rec/bib/conf/icdt/2013},
  bibsource = {dblp computer science bibliography, http://dblp.org}
}




@inproceedings{jain2014near,
  title={(near) dimension independent risk bounds for differentially private learning},
  author={Jain, Prateek and Thakurta, Abhradeep Guha},
  booktitle={Proceedings of The 31st International Conference on Machine Learning},
  pages={476--484},
  year={2014}
}

@article{chaudhuri2011differentially,
  title={Differentially private empirical risk minimization},
  author={Chaudhuri, Kamalika and Monteleoni, Claire and Sarwate, Anand D},
  journal={JMLR},
  volume={12},
  pages={1069--1109},
  year={2011},
  publisher={JMLR. org}
}

@book{vapnik2013nature,
  title={The nature of statistical learning theory},
  author={Vapnik, Vladimir},
  year={2013},
  publisher={Springer Science \& Business Media}
}
@article{tibshirani1996regression,
  title={Regression shrinkage and selection via the lasso},
  author={Tibshirani, Robert},
  journal={Journal of the Royal Statistical Society. Series B (Methodological)},
  pages={267--288},
  year={1996},
  publisher={JSTOR}
}

@incollection{hazan2006logarithmic,
  title={Logarithmic regret algorithms for online convex optimization},
  author={Hazan, Elad and Kalai, Adam and Kale, Satyen and Agarwal, Amit},
  booktitle={Learning theory},
  pages={499--513},
  year={2006},
  publisher={Springer}
}

@article{rudelson2013reconstruction,
  title={Reconstruction from anisotropic random measurements},
  author={Rudelson, Mark and Zhou, Shuheng},
  journal={Information Theory, IEEE Transactions on},
  volume={59},
  number={6},
  pages={3434--3447},
  year={2013},
  publisher={IEEE}
}

@inproceedings{williams2010probabilistic,
  title={Probabilistic inference and differential privacy},
  author={Williams, Oliver and McSherry, Frank},
  booktitle={NIPS},
  pages={2451--2459},
  year={2010}
}

@article{ailon2009fasta,
  title={Fast dimension reduction using Rademacher series on dual BCH codes},
  author={Ailon, Nir and Liberty, Edo},
  journal={Discrete \& Computational Geometry},
  volume={42},
  number={4},
  pages={615--630},
  year={2009},
  publisher={Springer}
}
@inproceedings{duchi2013local,
  title={Local privacy and statistical minimax rates},
  author={Duchi, John C and Jordan, Michael and Wainwright, Martin J and others},
  booktitle={Foundations of Computer Science (FOCS), 2013 IEEE 54th Annual Symposium on},
  pages={429--438},
  year={2013},
  organization={IEEE}
}

@article{jain2011differentially,
  title={Differentially private online learning},
  author={Jain, Prateek and Kothari, Pravesh and Thakurta, Abhradeep},
  journal={arXiv preprint arXiv:1109.0105},
  year={2011}
}
@article{candes2008restricted,
  title={The restricted isometry property and its implications for compressed sensing},
  author={Cand{\`e}s, Emmanuel J},
  journal={Comptes Rendus Mathematique},
  volume={346},
  number={9},
  pages={589--592},
  year={2008},
  publisher={Elsevier}
}

@inproceedings{song2013stochastic,
  title={Stochastic gradient descent with differentially private updates},
  author={Song, Shuang and Chaudhuri, Kamalika and Sarwate, Anand D},
  booktitle={Global Conference on Signal and Information Processing (GlobalSIP), 2013 IEEE},
  pages={245--248},
  year={2013},
  organization={IEEE}
}
@article{frank1956algorithm,
  title={An algorithm for quadratic programming},
  author={Frank, Marguerite and Wolfe, Philip},
  journal={Naval research logistics quarterly},
  volume={3},
  number={1-2},
  pages={95--110},
  year={1956},
  publisher={Wiley Online Library}
}

@inproceedings{blocki2012johnson,
  title={The johnson-lindenstrauss transform itself preserves differential privacy},
  author={Blocki, Jeremiah and Blum, Avrim and Datta, Anupam and Sheffet, Or},
  booktitle={Foundations of Computer Science (FOCS), 2012 IEEE 53rd Annual Symposium on},
  pages={410--419},
  year={2012},
  organization={IEEE}
}

@inproceedings{jaggi2013revisiting,
  title={Revisiting Frank-Wolfe: Projection-free sparse convex optimization},
  author={Jaggi, Martin},
  booktitle={Proceedings of the 30th International Conference on Machine Learning (ICML-13)},
  pages={427--435},
  year={2013}
}

@article{kane2014sparser,
  title={Sparser johnson-lindenstrauss transforms},
  author={Kane, Daniel M and Nelson, Jelani},
  journal={Journal of the ACM (JACM)},
  volume={61},
  number={1},
  pages={4},
  year={2014},
  publisher={ACM}
}

@article{kifer2012private,
  title={Private convex empirical risk minimization and high-dimensional regression},
  author={Kifer, Daniel and Smith, Adam and Thakurta, Abhradeep},
  journal={Journal of Machine Learning Research},
  volume={1},
  pages={41},
  year={2012}
}


@book{hastie2015statistical,
  title={Statistical learning with sparsity: the lasso and generalizations},
  author={Hastie, Trevor and Tibshirani, Robert and Wainwright, Martin},
  year={2015},
  publisher={CRC Press}
}
@article{raskutti2011minimax,
  title={Minimax rates of estimation for high-dimensional linear regression over-balls},
  author={Raskutti, Garvesh and Wainwright, Martin J and Yu, Bin},
  journal={Information Theory, IEEE Transactions on},
  volume={57},
  number={10},
  pages={6976--6994},
  year={2011},
  publisher={IEEE}
}

@misc{tibshiranisparsity,
  title={Sparsity and the Lasso, \url{http://www.stat.cmu.edu/~larry/=sml/sparsity.pdf}},
  author={Tibshirani, Ryan and Wasserman, Larry},
  year={2015},
}

@article{sheffet2015private,
  title={Private Approximations of the 2nd-Moment Matrix Using Existing Techniques in Linear Regression},
  author={Sheffet, Or},
  journal={arXiv preprint arXiv:1507.00056},
  year={2015}
}
@article{zhou2009compressed,
  title={Compressed and privacy-sensitive sparse regression},
  author={Zhou, Shuheng and Lafferty, John and Wasserman, Larry},
  journal={Information Theory, IEEE Transactions on},
  volume={55},
  number={2},
  pages={846--866},
  year={2009},
  publisher={IEEE}
}

@book{eldar2012compressed,
  title={Compressed sensing: theory and applications},
  author={Eldar, Yonina C and Kutyniok, Gitta},
  year={2012},
  publisher={Cambridge University Press}
}

@book{friedman2001elements,
  title={The elements of statistical learning},
  author={Friedman, Jerome and Hastie, Trevor and Tibshirani, Robert},
  volume={1},
  year={2001},
  publisher={Springer series in statistics Springer, Berlin}
}
@book{buhlmann2011statistics,
  title={Statistics for high-dimensional data: methods, theory and applications},
  author={B{\"u}hlmann, Peter and Van De Geer, Sara},
  year={2011},
  publisher={Springer Science \& Business Media}
}
@inproceedings{wang2015deterministic,
  title={A deterministic analysis of noisy sparse subspace clustering for dimensionality-reduced data},
  author={Wang, Yining and Wang, Yu-Xiang and Singh, Aarti},
  booktitle={Proceedings of the 32nd International Conference on Machine Learning (ICML-15)},
  pages={1422--1431},
  year={2015}
}

@article{upadhyay2014randomness,
  title={Randomness Efficient Fast-Johnson-Lindenstrauss Transform with Applications in Differential Privacy and Compressed Sensing},
  author={Upadhyay, Jalaj},
  journal={arXiv preprint arXiv:1410.2470},
  year={2014}
}

@inproceedings{ha2015robust,
  title={Robust PCA with compressed data},
  author={Ha, Wooseok and Barber, Rina Foygel},
  booktitle={NIPS},
  pages={1927--1935},
  year={2015}
}

@inproceedings{kaban2014new,
  title={New bounds on compressive linear least squares regression},
  author={Kab{\'a}n, Ata},
  booktitle={The 17-th International Conference on Artificial Intelligence and Statistics (AISTATS 2014)},
  volume={33},
  pages={448--456},
  year={2014}
}
@book{vempala2005random,
  title={The random projection method},
  author={Vempala, Santosh S},
  volume={65},
  year={2005},
  publisher={American Mathematical Soc.}
}

@inproceedings{maillard2009compressed,
  title={Compressed least-squares regression},
  author={Maillard, Odalric and Munos, R{\'e}mi},
  booktitle={NIPS},
  year={2009}
}
@book{rish2014sparse,
  title={Sparse modeling: theory, algorithms, and applications},
  author={Rish, Irina and Grabarnik, Genady},
  year={2014},
  publisher={CRC Press}
}

@article{van2009conditions,
  title={On the conditions used to prove oracle results for the Lasso},
  author={Van De Geer, Sara A and B{\"u}hlmann, Peter and others},
  journal={Electronic Journal of Statistics},
  volume={3},
  pages={1360--1392},
  year={2009},
  publisher={Institute of Mathematical Statistics}
}

@inproceedings{thakurta2013differentially,
  title={Differentially private feature selection via stability arguments, and the robustness of the lasso},
  author={Thakurta, Abhradeep Guha and Smith, Adam},
  booktitle={Conference on Learning Theory},
  pages={819--850},
  year={2013}
}

@inproceedings{bassily2014differentially,
  title={Differentially private empirical risk minimization: Efficient algorithms and tight error bounds},
  author={Bassily, Raef and Smith, Adam and Thakurta, Abhradeep},
 booktitle={FOCS},
  year={2014},
  organization={IEEE}
}

@article{negahban2012unified,
  title={A Unified Framework for High-Dimensional Analysis of M-Estimators with Decomposable Regularizers},
  author={Negahban, Sahand N and Ravikumar, Pradeep and Wainwright, Martin J and Yu, Bin},
  journal={Statistical Science},
  volume={27},
  number={4},
  year={2012}
}
@article{wainwright2009sharp,
  title={Sharp thresholds for high-dimensional and noisy sparsity recovery using $\ell_1$-constrained quadratic programming (Lasso)},
  author={Wainwright, Martin J},
  journal={Information Theory, IEEE Transactions on},
  volume={55},
  number={5},
  year={2009},
  publisher={IEEE}
}

%% Saved with string encoding Unicode (UTF-8) 
@article{donoho2006stable,
  title={Stable recovery of sparse overcomplete representations in the presence of noise},
  author={Donoho, David L and Elad, Michael and Temlyakov, Vladimir N},
  journal={Information Theory, IEEE Transactions on},
  volume={52},
  number={1},
  pages={6--18},
  year={2006},
  publisher={IEEE}
}

@inproceedings{sarlos2006improved,
  title={Improved approximation algorithms for large matrices via random projections},
  author={Sarlos, Tamas},
  booktitle={FOCS},
  pages={143--152},
  year={2006},
  organization={IEEE}
}

@article{V11,
  title={{Introduction to the Non-asymptotic Analysis of Random Matrices}},
  author={Vershynin, Roman},
  journal={arXiv preprint arXiv:1011.3027},
  year={2010}
}
@inproceedings{DRV10,
  title={Boosting and differential privacy},
  author={Dwork, Cynthia and Rothblum, Guy N and Vadhan, Salil},
  booktitle={Foundations of Computer Science (FOCS), 2010 51st Annual IEEE Symposium on},
  pages={51--60},
  year={2010},
  organization={IEEE}
}

@inproceedings{DNPR10,
  title={Differential privacy under continual observation},
  author={Dwork, Cynthia and Naor, Moni and Pitassi, Toniann and Rothblum, Guy N},
  booktitle={Proceedings of the forty-second ACM symposium on Theory of computing},
  pages={715--724},
  year={2010},
  organization={ACM}
}
@article{CSS11,
  title={Private and continual release of statistics},
  author={Chan, T-H Hubert and Shi, Elaine and Song, Dawn},
  journal={ACM Transactions on Information and System Security (TISSEC)},
  volume={14},
  number={3},
  pages={26},
  year={2011},
  publisher={ACM}
}

@inproceedings{KRS13,
  title={{The Power of Linear Reconstruction Attacks}},
  author={Kasiviswanathan, Shiva Prasad and Rudelson, Mark and Smith, Adam},
  booktitle={SODA},
  pages={1415--1433},
  year={2013},
}

@inproceedings{MuthuN12,
	Author = {S. Muthukrishnan and Aleksandar Nikolov},
	Bibsource = {DBLP, http://dblp.uni-trier.de},
	Booktitle = {STOC},
	Crossref = {DBLP:conf/stoc/2012},
	Date-Added = {2012-10-02 23:55:45 -0400},
	Date-Modified = {2012-10-02 23:56:04 -0400},
	Ee = {http://doi.acm.org/10.1145/2213977.2214090},
	Pages = {1285-1292},
	Title = {{Optimal Private Halfspace Counting via Discrepancy}},
	Year = {2012}}

@proceedings{DBLP:conf/stoc/2012,
	Bibsource = {DBLP, http://dblp.uni-trier.de},
	Booktitle = {STOC},
	Date-Added = {2012-10-02 23:55:45 -0400},
	Date-Modified = {2012-10-02 23:55:45 -0400},
	Editor = {Howard J. Karloff and Toniann Pitassi},
	Ee = {http://dl.acm.org/citation.cfm?id=2213977},
	Isbn = {978-1-4503-1245-5},
	Publisher = {ACM},
	Title = {Proceedings of the 44th Symposium on Theory of Computing Conference, STOC 2012, New York, NY, USA, May 19 - 22, 2012},
	Year = {2012}}

@inproceedings{MMPRTV10,
	Author = {Andrew McGregor and Ilya Mironov and Toniann Pitassi and Omer Reingold and Kunal Talwar and Salil P. Vadhan},
	Bibsource = {DBLP, http://dblp.uni-trier.de},
	Booktitle = {FOCS},
	Crossref = {DBLP:conf/focs/2010},
	Date-Added = {2012-07-03 14:44:43 -0400},
	Date-Modified = {2012-07-03 14:44:57 -0400},
	Ee = {http://doi.ieeecomputersociety.org/10.1109/FOCS.2010.14},
	Pages = {81-90},
	Title = {The Limits of Two-Party Differential Privacy},
	Year = {2010}}
@inproceedings{zwald2006convergence,
  title={{On the Convergence of Eigenspaces in Kernel Principal Component Analysis}},
  author={Zwald, Laurent and Blanchard, Gilles},
  booktitle={NIPS},
  pages={1649--1656},
  year={2006}
}
@inproceedings{mendelson2005ellipsoid,
  title={{Ellipsoid Approximation using Random Vectors}},
  author={Mendelson, S and Pajor, A},
  booktitle={COLT},
  pages={429--443},
  year={2005},
  organization={Springer-Verlag}
}
@article{shawe2005eigenspectrum,
  title={On the eigenspectrum of the Gram matrix and the generalization error of kernel-PCA},
  author={Shawe-Taylor, John and Williams, Christopher KI and Cristianini, Nello and Kandola, Jaz},
  journal={Information Theory, IEEE Transactions on},
  volume={51},
  number={7},
  pages={2510--2522},
  year={2005},
  publisher={IEEE}
}
@incollection{jia2009accurate,
  title={{Accurate Probabilistic Error Bound for Eigenvalues of Kernel Matrix}},
  author={Jia, Lei and Liao, Shizhong},
  booktitle={Advances in Machine Learning},
  pages={162--175},
  year={2009},
  publisher={Springer}
}

@article{hoerl1970ridge,
  title={{Ridge Regression: Biased Estimation for Nonorthogonal Problems}},
  author={Hoerl, Arthur E and Kennard, Robert W},
  journal={Technometrics},
  volume={12},
  number={1},
  pages={55--67},
  year={1970},
  publisher={Taylor \& Francis Group}
}

@article{sindhwani2012scalable,
  title={{Scalable Matrix-valued Kernel Learning for High-dimensional Nonlinear Multivariate Regression and Granger Causality}},
  author={Sindhwani, Vikas and Quang, Minh Ha and Lozano, Aur{\'e}lie C},
  journal={arXiv preprint arXiv:1210.4792},
  year={2012}
}

@article{lanckriet2004learning,
  title={{Learning the Kernel Matrix with Semidefinite Programming}},
  author={Lanckriet, Gert RG and Cristianini, Nello and Bartlett, Peter and Ghaoui, Laurent El and Jordan, Michael I},
  journal={JMLR},
  volume={5},
  pages={27--72},
  year={2004},
  publisher={JMLR. org}
}
@inproceedings{scholkopf2001generalized,
  title={{A Generalized Representer Theorem}},
  author={Sch{\"o}lkopf, Bernhard and Herbrich, Ralf and Smola, Alex J},
  booktitle={COLT},
  pages={416--426},
  year={2001},
}

@article{mercer1909functions,
  title={Functions of positive and negative type, and their connection with the theory of integral equations},
  author={Mercer, James},
  journal={Philosophical transactions of the royal society of London. Series A, containing papers of a mathematical or physical character},
  pages={415--446},
  year={1909},
  publisher={JSTOR}
}
@proceedings{DBLP:conf/focs/2010,
	Bibsource = {DBLP, http://dblp.uni-trier.de},
	Booktitle = {FOCS},
	Date-Added = {2012-07-03 14:44:43 -0400},
	Date-Modified = {2012-07-03 14:44:43 -0400},
	Isbn = {978-0-7695-4244-7},
	Publisher = {IEEE Computer Society},
	Title = {51th Annual IEEE Symposium on Foundations of Computer Science, FOCS 2010, October 23-26, 2010, Las Vegas, Nevada, USA},
	Year = {2010}}

@inproceedings{KRSU10,
	Author = {Kasiviswanathan, Shiva Prasad and Rudelson, Mark and Smith, Adam and Ullman, Jonathan},
	Booktitle = {STOC},
	Pages = {775--784},
	Title = {{The Price of Privately Releasing Contingency Tables and the Spectra of Random Matrices with Correlated Rows}},
	Year = {2010}}

@inproceedings{HT10,
	Author = {Hardt, Moritz and Talwar, Kunal},
	Booktitle = {STOC},
	Pages = {705--714},
	Publisher = {ACM},
	Title = {{On the Geometry of Differential Privacy}},
	Year = {2010}}

@article{R11,
	Author = {{Rudelson}, M.},
	Eprint = {1102.1947},
	Journal = {ArXiv e-prints},
	Title = {{Row Products of Random Matrices}},
	Year = 2011}

@article{Vaidya,
	Author = {Vaidya, P. M.},
	Journal = {Math. Program.},
	Number = {2},
	Pages = {175--201},
	Title = {An Algorithm for Linear Programming which Requires $O(((m+n)n^2 + (m+n)^{1.5}n)L)$ Arithmetic Operations},
	Volume = {47},
	Year = {1990}}

@book{hughes1973projective,
	Author = {Hughes, D.R. and Piper, F.C.},
	Publisher = {Springer},
	Title = {{Projective Planes}},
	Volume = {6},
	Year = {1973}}
	
@book{shawe2004kernel,
  title={{Kernel Methods for Pattern Analysis}},
  author={Shawe-Taylor, John and Cristianini, Nello},
  year={2004},
  publisher={Cambridge University Press}
}	
@book{scholkopf2001learning,
  title={{Learning with Kernels: Support Vector Machines, Regularization, Optimization, and Beyond}},
  author={Scholkopf, Bernhard and Smola, Alexander J},
   publisher={MIT Press},
  year={2001}
}
@inproceedings{Dwork09,
	Author = {Cynthia Dwork},
	Booktitle = {TCC},
	Pages = {496-502},
	Publisher = {Springer},
	Series = {LNCS},
	Title = {The Differential Privacy Frontier},
	Volume = {5444},
	Year = {2009}}
@article{karoui2010spectrum,
  title={{The Spectrum of Kernel Random Matrices}},
  author={Karoui, Noureddine El},
  journal={The Annals of Statistics},
  pages={1--50},
  year={2010},
  publisher={JSTOR}
}
@article{do2013spectrum,
  title={{The Spectrum of Random Kernel Matrices: Universality Results for Rough and Varying Kernels}},
  author={Do, Yen and Vu, Van},
  journal={Random Matrices: Theory and Applications},
  volume={2},
  number={03},
  year={2013},
  publisher={World Scientific}
}
@article{cheng2013spectrum,
  title={{The Spectrum of Random Inner-Product Kernel Matrices}},
  author={Cheng, Xiuyuan and Singer, Amit},
  journal={Random Matrices: Theory and Applications},
  volume={2},
  number={04},
  year={2013},
}
@inproceedings{De11,
	Author = {Anindya De},
	Booktitle = {TCC},
	Pages = {321-338},
	Title = {{Lower Bounds in Differential Privacy}},
	Year = {2012}}

@inproceedings{CH11,
	Author = {Kamalika Chaudhuri and Daniel Hsu},
	Booktitle = {COLT},
	Pages = {To appear},
	Publisher = {Springer},
	Series = {LNCS},
	Title = {Sample Complexity Bounds for Differentially Private Learning},
	Year = {2011}}

@article{hoeff,
	Author = {Wassily Hoeffding},
	Journal = {Journal of the American Statistical Association},
	Number = {301},
	Pages = {13--30},
	Publisher = {American Statistical Association},
	Title = {Probability Inequalities for Sums of Bounded Random Variables},
	Volume = {58},
	Year = {1963}}

@article{chern,
	Author = {Herman Chernoff},
	Journal = {Ann. Math. Statist.},
	Pages = {493--507},
	Title = {A measure of asymptotic efficiency for tests of a hypothesis based on the sum of observations},
	Volume = {23},
	Year = {1952}}

@article{VC,
	Author = {Vladimir N. Vapnik and Alexey Y. Chervonenkis},
	Journal = {Theory of Probability and its Applications},
	Pages = {264},
	Title = {{On the uniform convergence of relative frequencies of events to their probabilities}},
	Volume = {16},
	Year = {1971}}

@article{BEHW,
	Author = {Anselm Blumer and Andrzej Ehrenfeucht and David Haussler and Manfred K. Warmuth},
	Journal = {Journal of the Association for Computing Machinery},
	Number = {4},
	Pages = {929--965},
	Title = {{Learnability and the Vapnik-Chervonenkis dimension}},
	Volume = {36},
	Year = {1989}}

@article{EHKV,
	Author = {Andrzej Ehrenfeucht and David Haussler and Michael J. Kearns and Leslie G. Valiant},
	Journal = {Inf. Comput.},
	Number = {3},
	Pages = {247-261},
	Title = {A General Lower Bound on the Number of Examples Needed for Learning},
	Volume = {82},
	Year = {1989}}

@book{Bishop1975,
	Author = {Bishop, Y.M.M. and Fienberg, S.E. and Holland, P.W.},
	Date-Added = {2009-04-02 01:47:41 -0400},
	Date-Modified = {2009-04-02 01:47:41 -0400},
	Publisher = {MIT Press, Cambridge MA},
	Title = {Discrete Multivariate Analysis: Theory and Practice},
	Year = {1975}}

@conference{I02,
	Author = {Impagliazzo, R.},
	Booktitle = {Proceedings of the ICM},
	Pages = {659--672},
	Title = {{Hardness as randomness: a survey of universal derandomization}},
	Volume = {3},
	Year = {2002}}

@article{DBLP:journals/jcss/SudanTV01,
	Author = {Madhu Sudan and Luca Trevisan and Salil P. Vadhan},
	Bibsource = {DBLP, http://dblp.uni-trier.de},
	Journal = {J. Comput. Syst. Sci.},
	Number = {2},
	Pages = {236-266},
	Title = {Pseudorandom Generators without the XOR Lemma},
	Volume = {62},
	Year = {2001}}

@inproceedings{CM08,
	Author = {Kamalika Chaudhuri and Claire Monteleoni},
	Bibsource = {DBLP, http://dblp.uni-trier.de},
	Booktitle = {NIPS},
	Crossref = {DBLP:conf/nips/2008},
	Date-Added = {2009-04-02 01:45:39 -0400},
	Date-Modified = {2009-04-02 01:45:45 -0400},
	Ee = {http://books.nips.cc/papers/files/nips21/NIPS2008_0964.pdf},
	Title = {Privacy-preserving logistic regression},
	Year = {2008}}

@article{Mas,
	Author = {Latanya Sweeney},
	Journal = {The Journal of Law, Medicine \& Ethics},
	Number = {2-3},
	Pages = {98-110},
	Title = {{Weaving Technology and Policy Together to Maintain Confidentiality}},
	Volume = {25},
	Year = 1997}

@inproceedings{GKS08,
	Author = {Srivatsava Ranjit Ganta and Shiva Prasad Kasiviswanathan and Adam Smith},
	Booktitle = {KDD '08: Proceeding of the 14th ACM SIGKDD international conference on Knowledge discovery and data mining},
	Pages = {265--273},
	Publisher = {ACM},
	Title = {Composition attacks and auxiliary information in data privacy},
	Year = {2008}}

@article{Dna,
	Author = {Bradley Malin and Latanya Sweeney},
	Doi = {DOI: 10.1016/j.jbi.2004.04.005},
	Issn = {1532-0464},
	Journal = {Journal of Biomedical Informatics},
	Keywords = {DNA databases},
	Number = {3},
	Pages = {179 - 192},
	Title = {How (not) to protect genomic data privacy in a distributed network: using trail re-identification to evaluate and design anonymity protection systems},
	Url = {http://www.sciencedirect.com/science/article/B6WHD-4CGNRKR-1/2/6a7628e8b52082dba6245bf380d308fc},
	Volume = {37},
	Year = {2004},
	Bdsk-Url-1 = {http://www.sciencedirect.com/science/article/B6WHD-4CGNRKR-1/2/6a7628e8b52082dba6245bf380d308fc},
	Bdsk-Url-2 = {http://dx.doi.org/10.1016/j.jbi.2004.04.005}}

@article{Aol,
	Author = {Hansell, S.},
	Journal = {New York Times, Aug},
	Title = {{AOL removes search data on vast group of web users}},
	Volume = {8},
	Year = {2006}}

@article{Netflix,
	Author = {Narayanan, A. and Shmatikov, V.},
	Journal = {University of Texas at Austin},
	Title = {{Robust De-anonymization of Large Datasets (How to Break Anonymity of the Netflix Prize Dataset)}},
	Year = {2008}}

@misc{boo,
	Publisher = {The National Academic Press},
	Title = {{Committee on Technical and Privacy Dimensions of Information for Terrorism Prevention and Other National Goals, National Research Council}, {Protecting Individual Privacy in the Struggle Against Terrorists: A Framework for Program Assessment}},
	Year = {2008}}

@misc{V,
	Author = {Vershynin, R},
	Publisher = {arXiv:1011.3027v7},
	Title = {{Introduction to the Non-Asymptotic Analysis of Random Matrices}},
	Year = {2011}}

@article{NW94,
	Author = {Nisan, N. and Wigderson, A.},
	Journal = {Journal of Computer and System Sciences},
	Pages = {149--167},
	Title = {{Hardness versus randomness}},
	Volume = {49},
	Year = {1994}}

@conference{IW97,
	Author = {Impagliazzo, R. and Wigderson, A.},
	Booktitle = {STOC},
	Title = {{P= BPP if E requires exponential circuits: Derandomizing the XOR lemma}},
	Year = {1997}}

@proceedings{DBLP:conf/nips/2008,
	Bibsource = {DBLP, http://dblp.uni-trier.de},
	Booktitle = {NIPS},
	Date-Added = {2009-04-02 01:45:39 -0400},
	Date-Modified = {2009-04-02 01:45:39 -0400},
	Editor = {Daphne Koller and Dale Schuurmans and Yoshua Bengio and L{\'e}on Bottou},
	Publisher = {MIT Press},
	Title = {NIPS 21, Proceedings of the Twenty-Second Annual Conference on Neural Information Processing Systems, Vancouver, British Columbia, Canada, December 8-11, 2008},
	Year = {2009}}

@inproceedings{MGKV06,
	Author = {Ashwin Machanavajjhala and Johannes Gehrke and Daniel Kifer and Muthuramakrishnan Venkitasubramaniam},
	Bibsource = {DBLP, http://dblp.uni-trier.de},
	Booktitle = {ICDE},
	Date-Added = {2009-04-02 01:39:43 -0400},
	Date-Modified = {2009-04-02 01:39:43 -0400},
	Ee = {http://doi.ieeecomputersociety.org/10.1109/ICDE.2006.1},
	Pages = {24},
	Title = {l-Diversity: Privacy Beyond k-Anonymity.},
	Year = {2006}}

@inproceedings{MKAGV08,
	Author = {Ashwin Machanavajjhala and Daniel Kifer and John M. Abowd and Johannes Gehrke and Lars Vilhuber},
	Bibsource = {DBLP, http://dblp.uni-trier.de},
	Booktitle = {24th International Conference on Data Engineering (ICDE)},
	Date-Added = {2009-04-02 01:39:43 -0400},
	Date-Modified = {2009-04-02 01:39:43 -0400},
	Ee = {http://dx.doi.org/10.1109/ICDE.2008.4497436},
	Pages = {277-286},
	Publisher = {IEEE},
	Title = {Privacy: Theory meets Practice on the Map},
	Year = {2008}}

@article{WZ08,
	Author = {Larry Wasserman and Shuheng Zhou},
	Date-Added = {2009-04-02 01:36:42 -0400},
	Date-Modified = {2009-04-02 01:36:42 -0400},
	Ee = {http://arxiv.org/abs/0811.2501v1},
	Journal = {ArXiv.org},
	Number = {arXiv:0811.2501v1 [math.ST]},
	Title = {A statistical framework for differential privacy},
	Year = {2008}}

@article{ZLW09,
	Author = {Shuheng Zhou and Katrina Ligett and Larry Wasserman},
	Date-Added = {2009-04-02 01:36:42 -0400},
	Date-Modified = {2009-04-02 01:36:42 -0400},
	Ee = {http://arxiv.org/abs/0901.1365v1},
	Journal = {ArXiv.org},
	Number = {arXiv:0901.1365v1 [stat.ML]},
	Title = {Differential Privacy with Compression},
	Year = {2009}}

@inproceedings{GRS09,
	Author = {A. Ghosh and T. Roughgarden and M. Sundararajan},
	Booktitle = {STOC},
	Date-Added = {2009-04-01 23:51:26 -0400},
	Date-Modified = {2009-04-01 23:53:16 -0400},
	Title = {Universally Utility-Maximizing Privacy Mechanisms},
	Year = {2009}}

@article{AW02,
	Author = {Rudolf Ahlswede and Andreas Winter},
	Journal = {IEEE Transactions on Information Theory},
	Number = {3},
	Pages = {569-579},
	Title = {Strong converse for identification via quantum channels},
	Volume = {48},
	Year = {2002}}

@article{LPRTV05,
	Author = {A.E. Litvak and A. Pajor and M. Rudelson and N. Tomczak-Jaegermann and R. Vershynin},
	Journal = {Journal f{\"u}r die reine und angewandte Mathematik},
	Number = {589},
	Pages = {1--19},
	Publisher = {Walter de Gruyter},
	Title = {{Euclidean embeddings in spaces of finite volume ratio via random matrices}},
	Volume = {2005},
	Year = {2005}}

@article{GLMRT09,
	Author = {Anupam Gupta and Katrina Ligett and Frank McSherry and Aaron Roth and Kunal Talwar},
	Ee = {http://arxiv.org/abs/0903.4510},
	Journal = {CoRR},
	Title = {Title: Differentially Private Approximation Algorithms},
	Volume = {arXiv:0903.4510v1[cs.DS]},
	Year = {2009}}

@article{TV09,
	Author = {Terence Tao and Van Vu},
	Ee = {http://arxiv.org/abs/0803.3946},
	Journal = {CoRR},
	Title = {Random matrices: The distribution of the smallest singular values},
	Volume = {arXiv:0903.0614v1 [math.PR]},
	Year = {2009}}

@article{RV081,
	Author = {M. Rudelson and R. Vershynin},
	Journal = {Comptes rendus-Math{\'e}matique},
	Publisher = {Elsevier},
	Title = {{The least singular value of a random square matrix is $O(n^{-1/2})$}},
	Year = {2008}}

@article{LPRT05,
	Author = {A.E. Litvak and A. Pajor and M. Rudelson and N. Tomczak-Jaegermann},
	Journal = {Advances in Mathematics},
	Number = {2},
	Pages = {491--523},
	Publisher = {Elsevier},
	Title = {{Smallest singular value of random matrices and geometry of random polytopes}},
	Volume = {195},
	Year = {2005}}

@book{MS,
	Author = {V.D. Milman. and G. Schechtman},
	Publisher = {Springer},
	Title = {{Asymptotic theory of finite dimensional normed spaces}},
	Year = {1986}}

@book{smola,
	Author = {Alex Smola and S.V.N. Vishwanathan},
	Publisher = {\url{http://alex.smola.org/drafts/thebook.pdf}},
	Title = {{Introduction to Machine Learning}},
	Year = {2012}}

@article{levy,
	Author = {P Levy},
	Journal = {Gauthier-Villars},
	Title = {{Th{\'e}orie de l'addition des variables al{\'e}atoires}},
	Year = {1937}}

@article{talagrand,
	Author = {M. Talagrand},
	Journal = {Publications Mathematiques de l'IHES},
	Number = {1},
	Pages = {73--205},
	Publisher = {Springer},
	Title = {{Concentration of measure and isoperimetric inequalities in product spaces}},
	Volume = {81},
	Year = {1995}}

@article{ese,
	Author = {CG Ess{\'e}en},
	Journal = {Probability Theory and Related Fields},
	Number = {3},
	Pages = {210--216},
	Publisher = {Springer},
	Title = {{On the Kolmogorov-Rogozin inequality for the concentration function}},
	Volume = {5},
	Year = {1966}}

@article{kolmogorov,
	Author = {A Kolmogorov},
	Journal = {Ann. Inst. H. Poincar{\'e}},
	Pages = {27--34},
	Title = {{Sur les propri{\'e}t{\'e}s des fonctions de concentrations de MP L{\'e}vy}},
	Volume = {16},
	Year = {1958}}

@article{RV,
	Author = {M Rudelson and R Vershynin},
	Journal = {Advances in Mathematics},
	Number = {2},
	Pages = {600--633},
	Publisher = {Elsevier},
	Title = {{The Littlewood--Offord problem and invertibility of random matrices}},
	Volume = {218},
	Year = {2008}}

@article{Kas77,
	Author = {B.~S.~Kashin},
	Journal = {Izv. Akad. Nauk SSSR Ser. Mat.},
	Pages = {334--351},
	Title = {{Diameters of some finite-dimensional sets and classes of smooth functions}},
	Volume = {41},
	Year = {1977}}

@article{RV08,
	Author = {Rudelson, Mark and Vershynin, Roman},
	Journal = {Communications on Pure and Applied Mathematics},
	Number = {12},
	Pages = {1707--1739},
	Publisher = {Wiley Subscription Services},
	Title = {{Smallest Singular Value of a Random Rectangular Matrix}},
	Volume = {62},
	Year = {2009}}

@book{micro,
	Author = {Lee, Myoung-jae},
	Publisher = {Springer},
	Title = {{Micro-Econometrics: Methods of Moments and Limited Dependent Variables}},
	Year = {2010}}

@book{Goldreich,
	Author = {Oded Goldreich},
	Publisher = {Cambridge University Press},
	Title = {Foundations of Cryptography},
	Volume = {Basic Tools},
	Year = {2001}}

@inproceedings{DY08,
	Author = {Cynthia Dwork and Sergey Yekhanin},
	Booktitle = {CRYPTO},
	Pages = {469-480},
	Publisher = {Springer},
	Title = {{New Efficient Attacks on Statistical Disclosure Control Mechanisms}},
	Year = {2008}}

@article{rudelson2014recent,
  title={{Recent Developments in Non-asymptotic Theory of Random Matrices}},
  author={Rudelson, Mark},
  journal={Modern Aspects of Random Matrix Theory},
  volume={72},
  pages={83},
  year={2014},
  publisher={American Mathematical Society}
}
@inproceedings{DL09,
	Author = {Cynthia Dwork and Jing Lei},
	Booktitle = {Symposium on the Theory of Computing (STOC)},
	Date-Added = {2009-03-05 12:11:19 -0500},
	Date-Modified = {2009-03-05 12:11:55 -0500},
	Title = {Differential Privacy and Robust Statistics},
	Year = {2009}}

@inproceedings{FFHN09,
	Author = {D. Feldman and A. Fiat and H. Kaplan and K. Nissim},
	Booktitle = {To appear in STOC 2009},
	Publisher = {ACM},
	Title = {Private Coresets},
	Year = {2009}}

@inproceedings{DNRRV09,
	Author = {Cynthia Dwork and Moni Naor and Omer Reingold and Guy Rothblum and Salil Vadhan},
	Booktitle = {STOC},
	Pages = {381-390},
	Publisher = {ACM},
	Title = {On the Complexity of Differentially Private Data Release},
	Year = {2009}}

@article{WX06,
	Author = {Avi Wigderson and David Xiao},
	Journal = {Theory of Computing},
	Number = {1},
	Pages = {53-76},
	Publisher = {Theory of Computing},
	Title = {Derandomizing the {A}hlswede-{W}inter matrix-valued {C}hernoff bound using pessimistic estimators, and applications},
	Volume = {4},
	Year = {2008}}

@article{Sweeney,
	Author = {Latanya Sweeney},
	Date-Added = {2008-02-25 23:28:30 -0500},
	Date-Modified = {2008-02-25 23:28:30 -0500D},
	Journal = {International Journal on Uncertainty, Fuzziness and Knowledge-based Systems},
	Number = {5},
	Pages = {557--570},
	Title = {$k$-Anonymity: A Model for Protecting Privacy},
	Volume = {10},
	Year = {2002}}

@phdthesis{Vad99,
	Author = {Salil Pravin Vadhan},
	Note = {Supervisor-Shafi Goldwasser},
	School = {Massachusetts Institute of Technology},
	Title = {A study of statistical zero-knowledge proofs},
	Year = {1999}}

@book{book,
	Author = {Martin Anthony and Peter L. Bartlett},
	Publisher = {Cambridge University Press},
	Title = {Neural Network Learning: Theoretical Foundations},
	Year = {1999}}

@inproceedings{KLNRS08,
	Author = {Shiva Prasad Kasiviswanathan and Homin K. Lee and Kobbi Nissim and Sofya Raskhodnikova and Adam Smith},
	Booktitle = {FOCS},
	Pages = {531-540},
	Publisher = {IEEE Computer Society},
	Title = {What Can We Learn Privately?},
	Year = {2008}}

@inproceedings{BLP06,
	Author = {Shai Ben-David and Ulrike von Luxburg and D{\'a}vid P{\'a}l},
	Booktitle = {COLT},
	Pages = {5-19},
	Publisher = {Springer},
	Series = {LNCS},
	Title = {A Sober Look at Clustering Stability},
	Year = {2006}}

@article{KS08,
	Author = {Shiva Prasad Kasiviswanathan and Adam Smith},
	Ee = {http://arxiv.org/abs/0803.3946},
	Journal = {CoRR},
	Title = {A Note on Differential Privacy: Defining Resistance to Arbitrary Side Information},
	Volume = {arXiv:0803.39461 [cs.CR]},
	Year = {2008}}

@proceedings{DBLP:conf/colt/2006,
	Bibsource = {DBLP, http://dblp.uni-trier.de},
	Booktitle = {COLT},
	Date-Added = {2008-04-11 02:02:30 -0400},
	Date-Modified = {2008-04-11 02:02:30 -0400},
	Editor = {G{\'a}bor Lugosi and Hans-Ulrich Simon},
	Isbn = {3-540-35294-5},
	Publisher = {Springer},
	Series = {LNCS},
	Title = {Learning Theory, 19th Annual Conference on Learning Theory, COLT 2006, Pittsburgh, PA, USA, June 22-25, 2006, Proceedings},
	Volume = {4005},
	Year = {2006}}

@inproceedings{MN06,
	Author = {Tal Moran and Moni Naor},
	Booktitle = {EUROCRYPT},
	Pages = {88-108},
	Publisher = {Springer},
	Series = {LNCS},
	Title = {Polling with Physical Envelopes: A Rigorous Analysis of a Human-Centric Protocol},
	Year = {2006}}

@proceedings{DBLP:conf/eurocrypt/2006,
	Bibsource = {DBLP, http://dblp.uni-trier.de},
	Booktitle = {EUROCRYPT},
	Date-Added = {2008-04-11 00:45:30 -0400},
	Date-Modified = {2008-04-11 00:45:30 -0400},
	Editor = {Serge Vaudenay},
	Isbn = {3-540-34546-9},
	Publisher = {Springer},
	Series = {LNCS},
	Title = {Advances in Cryptology - EUROCRYPT 2006, 25th Annual International Conference on the Theory and Applications of Cryptographic Techniques, St. Petersburg, Russia, May 28 - June 1, 2006, Proceedings},
	Volume = {4004},
	Year = {2006}}

@inproceedings{AJL04,
	Author = {Andris Ambainis and Markus Jakobsson and Helger Lipmaa},
	Booktitle = {PKC},
	Pages = {425-438},
	Publisher = {Springer},
	Series = {LNCS},
	Title = {Cryptographic Randomized Response Techniques},
	Volume = {2947},
	Year = {2004}}

@proceedings{DBLP:conf/pkc/2004,
	Publisher = {Springer},
	Series = {LNCS},
	Title = {PKC},
	Volume = {2947},
	Year = {2004}}

@article{PV88,
	Author = {Leonard Pitt and Leslie G. Valiant},
	Journal = {Journal of the ACM},
	Number = {4},
	Pages = {965--984},
	Title = {Computational Limitations on Learning from Examples},
	Volume = {35},
	Year = {1988}}

@article{BKW03,
	Author = {Avrim Blum and Adam Kalai and Hal Wasserman},
	Bibsource = {DBLP, http://dblp.uni-trier.de},
	Date-Added = {2008-04-08 17:25:33 -0400},
	Date-Modified = {2008-04-08 17:25:39 -0400},
	Ee = {http://doi.acm.org/10.1145/792538.792543},
	Journal = {J. ACM},
	Number = {4},
	Pages = {506-519},
	Title = {Noise-tolerant learning, the parity problem, and the statistical query model},
	Volume = {50},
	Year = {2003}}

@misc{BLRprivate,
	Author = {Avrim Blum and Katrina Ligett and Aaron Roth},
	Title = {Private Communication},
	Year = {2008}}

@inproceedings{BLR08,
	Author = {Avrim Blum and Katrina Ligett and Aaron Roth},
	Booktitle = {STOC},
	Pages = {609--618},
	Publisher = {ACM},
	Title = {A learning theory approach to non-interactive database privacy},
	Year = {2008}}

@inproceedings{Pass04,
	Author = {Rafael Pass},
	Bibsource = {DBLP, http://dblp.uni-trier.de},
	Booktitle = {STOC},
	Date-Added = {2007-12-06 21:59:39 -0500},
	Date-Modified = {2007-12-06 22:01:13 -0500},
	Ee = {http://doi.acm.org/10.1145/1007352.1007393},
	Pages = {232-241},
	Publisher = {ACM},
	Title = {Bounded-concurrent secure multi-party computation with a dishonest majority},
	Year = {2004}}

@article{BIK95,
	Author = {Shai Ben-David and Alon Itai and Eyal Kushilevitz},
	Bibsource = {DBLP, http://dblp.uni-trier.de},
	Date-Added = {2007-11-19 19:47:29 -0500},
	Date-Modified = {2007-11-19 19:47:36 -0500},
	Journal = {Inf. Comput.},
	Number = {2},
	Pages = {240-250},
	Title = {Learning by Distances},
	Volume = {117},
	Year = {1995}}

@inproceedings{AH05,
	Author = {Shipra Agrawal and Jayant R. Haritsa},
	Bibsource = {DBLP, http://dblp.uni-trier.de},
	Booktitle = {ICDE},
	Ee = {http://csdl.computer.org/comp/proceedings/icde/2005/2285/00/22850193abs.htm},
	Pages = {193-204},
	Publisher = {IEEE Computer Society},
	Title = {A Framework for High-Accuracy Privacy-Preserving Mining},
	Year = {2005}}

@article{W65,
	Author = {Warner, Stanley L.},
	Date-Added = {2007-11-19 17:20:38 -0500},
	Date-Modified = {2007-11-19 17:20:38 -0500},
	Journal = {Journal of the American Statistical Association},
	Number = {309},
	Pages = {63--69},
	Title = {Randomized Response: A Survey Technique for Eliminating Evasive Answer Bias},
	Url = {http://links.jstor.org/sici?sici=0162-1459%28196503%2960%3A309%3C63%3ARRASTF%3E2.0.CO%3B2-S},
	Volume = {60},
	Year = {1965},
	Bdsk-Url-1 = {http://links.jstor.org/sici?sici=0162-1459(196503)60:309%3C63:RRASTF%3E2.0.CO;2-S},
	Bdsk-Url-2 = {http://links.jstor.org/sici?sici=0162-1459%28196503%2960%3A309%3C63%3ARRASTF%3E2.0.CO%3B2-S}}

@article{HH02,
	Author = {A. van den Hout and P.G.M. van der Heijden},
	Date-Added = {2007-11-19 17:17:02 -0500},
	Date-Modified = {2007-11-19 17:18:58 -0500},
	Journal = {International Statistical Review},
	Pages = {269-288},
	Title = {Randomized response, statistical disclosure control and misclassification: A review},
	Volume = {70},
	Year = {2002}}

@inproceedings{DMNS06,
	Author = {Cynthia Dwork and Frank McSherry and Kobbi Nissim and Adam Smith},
	Booktitle = {TCC},
	Pages = {265--284},
	Printoutnum = {567},
	Publisher = {Springer},
	Series = {LNCS},
	Title = {Calibrating noise to sensitivity in private data analysis},
	Volume = {3876},
	Year = {2006}}

@article{H92,
	Author = {David Haussler},
	Journal = {Information and Computation},
	Number = {1},
	Pages = {78--150},
	Title = {Decision Theoretic Generalizations of the {PAC} Model for Neural Net and Other Learning Applications},
	Volume = {100},
	Year = {1992}}

@article{KearnsRon-1999,
	Author = {Michael J. Kearns and Dana Ron},
	Journal = {Neural Computation},
	Number = {6},
	Pages = {1427 - 1453},
	Title = {Algorithmic stability and sanity-check bounds for leave-one-out cross-validation},
	Volume = {11},
	Year = {1999}}

@inproceedings{NRS07,
	Author = {Kobbi Nissim and Sofya Raskhodnikova and Adam Smith},
	Bibdate = {2007-06-13},
	Booktitle = {STOC},
	Pages = {75--84},
	Publisher = {ACM},
	Title = {Smooth sensitivity and sampling in private data analysis},
	Year = {2007}}

@inproceedings{KN02,
	Author = {Samuel Kutin and Partha Niyogi},
	Booktitle = {UAI},
	Pages = {275-282},
	Title = {Almost-everywhere Algorithmic Stability and Generalization Error.},
	Year = {2002}}

@inproceedings{BPS07,
	Author = {Shai Ben-David and D{\'a}vid P{\'a}l and Hans-Ulrich Simon},
	Bibsource = {DBLP, http://dblp.uni-trier.de},
	Booktitle = {COLT},
	Date-Added = {2007-11-19 19:34:48 -0500},
	Date-Modified = {2007-11-19 19:35:00 -0500},
	Ee = {http://dx.doi.org/10.1007/978-3-540-72927-3_4},
	Pages = {20-34},
	Series = {LNCS},
	Title = {Stability of $k$-Means Clustering},
	Year = {2007}}

@proceedings{DBLP:conf/colt/2007,
	Bibsource = {DBLP, http://dblp.uni-trier.de},
	Booktitle = {COLT},
	Date-Added = {2007-11-19 19:34:48 -0500},
	Date-Modified = {2007-11-19 19:34:48 -0500},
	Editor = {Nader H. Bshouty and Claudio Gentile},
	Isbn = {978-3-540-72925-9},
	Publisher = {Springer},
	Series = {LNCS},
	Title = {COLT},
	Volume = {4539},
	Year = {2007}}

@proceedings{DBLP:conf/icde/2005,
	Bibsource = {DBLP, http://dblp.uni-trier.de},
	Booktitle = {ICDE},
	Date-Added = {2007-11-19 19:03:51 -0500},
	Date-Modified = {2007-11-19 19:03:52 -0500},
	Isbn = {0-7695-2285-8},
	Publisher = {IEEE Computer Society},
	Title = {Proceedings of the 21st International Conference on Data Engineering, ICDE 2005, 5-8 April 2005, Tokyo, Japan},
	Year = {2005}}

@inproceedings{DMT07,
	Author = {Cynthia Dwork and Frank McSherry and Kunal Talwar},
	Booktitle = {STOC},
	Isbn = {978-1-59593-631-8},
	Pages = {85--94},
	Publisher = {ACM},
	Title = {{The Price of Privacy and the Limits of LP Decoding}},
	Year = {2007}}

@article{Kearns98,
	Abstract = {In this paper, we study the problem of learning in the
		 presence of classification noise in the probabilistic
		 learning model of Valiant and its variants. In order to
		 identify the class of ``robust'' learning algorithms in
		 the most general way, we formalize a new but related
		 model of learning from {\em statistical queries}.
		 Intuitively, in this model a learning algorithm is
		 forbidden to examine individual examples of the unknown
		 target function, but is given access to an oracle
		 providing estimates of probabilities over the sample
		 space of random examples. One of our main results shows
		 that any class of functions learnable from statistical
		 queries is in fact learnable with classification noise
		 in Valiant's model, with a noise rate approaching the
		 information-theoretic barrier of 1/2. We then
		 demonstrate the generality of the statistical query
		 model, showing that practically every class learnable
		 in Valiant's model and its variants can also be learned
		 in the new model (and thus can be learned in the
		 presence of noise). A notable exception to this
		 statement is the class of parity functions, which we
		 prove is not learnable from statistical queries, and
		 for which no noise-tolerant algorithm is known.},
	Author = {Michael J. Kearns},
	Bibdate = {Mon Mar 29 14:44:34 MST 1999},
	Bibsource = {http://www.acm.org/pubs/contents/journals/jacm/1998-45/},
	Coden = {JACOAH},
	Date-Modified = {2007-12-06 20:47:05 -0500},
	Issn = {0004-5411},
	Journal = {Journal of the ACM},
	Note = {Preliminary version in {\emph{proceedings of STOC'93}}},
	Number = {6},
	Pages = {983--1006},
	Title = {Efficient noise-tolerant learning from statistical queries},
	Url = {http://www.acm.org:80/pubs/citations/journals/jacm/1998-45-6/p983-kearns/},
	Volume = {45},
	Year = {1998},
	Bdsk-Url-1 = {http://www.acm.org:80/pubs/citations/journals/jacm/1998-45-6/p983-kearns/}}

@inproceedings{HB01,
	Author = {Nicholas J. Hopper and Manuel Blum},
	Booktitle = {ASIACRYPT},
	Pages = {52--66},
	Publisher = {Springer},
	Series = {LNCS},
	Title = {Secure Human Identification Protocols},
	Volume = {2248},
	Year = {2001}}

@inproceedings{Alekhnovich03,
	Author = {M. Alekhnovich},
	Bibdate = {Fri Jul 15 16:13:03 MDT 2005},
	Booktitle = {FOCS},
	Isbn = {0-7695-2040-5},
	Issn = {0272-5428},
	Pages = {298--307},
	Publisher = {IEEE},
	Title = {More on average case vs approximation complexity},
	Year = {2003}}

@inproceedings{Regev05parity,
	Author = {Oded Regev},
	Booktitle = {{STOC}},
	Date-Modified = {2008-08-03 16:57:07 -0400},
	Isbn = {1-58113-960-8},
	Pages = {84--93},
	Title = {On Lattices, Learning with Errors, Random Linear Codes, and Cryptography},
	Year = {2005}}

@inproceedings{AS00,
	Author = {Rakesh Agrawal and Ramakrishnan Srikant},
	Booktitle = {SIGMOD},
	Pages = {439--450},
	Publisher = {ACM},
	Title = {Privacy-preserving data mining},
	Volume = {29(2)},
	Year = {2000}}

@inproceedings{BFJKMR-1994,
	Author = {Avrim Blum and Merrick L. Furst and Jeffrey Jackson and Michael J. Kearns and Yishay Mansour and Steven Rudich},
	Booktitle = {STOC},
	Pages = {253-262},
	Printoutnum = {110},
	Publisher = {ACM},
	Title = {Weakly learning {DNF} and characterizing statistical query learning using {F}ourier analysis},
	Year = {1994}}

@book{Kearns94,
	Address = {Cambridge, Massachusetts},
	Author = {Michael J. Kearns and Umesh V. Vazirani},
	Publisher = {MIT press},
	Title = {An Introduction to Computational Learning Theory},
	Year = {1994}}

@book{stat,
	Author = {Johann Pfanzagl},
	Publisher = {WDeG Press},
	Title = {Parametric Statistical Theory},
	Year = {1991}}

@book{HB08,
	Author = {Wolfgang Jank and Galit Shmueli},
	Chapter = {A Applications Of Randomized Response Methodology In E-Commerce},
	Publisher = {Wiley \& Sons},
	Title = {Statistical Methods in eCommerce Research},
	Year = {2008}}

@inproceedings{AA01,
	Author = {Dakshi Agrawal and Charu C. Aggarwal},
	Booktitle = {PODS},
	Pages = {247--255},
	Publisher = {ACM},
	Title = {On the design and quantification of privacy preserving data mining algorithms},
	Year = {2001}}

@inproceedings{EGS03,
	Author = {Alexandre Evfimievski and Johannes Gehrke and Ramakrishnan Srikant},
	Booktitle = {PODS},
	Isbn = {1-58113-670-6},
	Pages = {211--222},
	Publisher = {ACM},
	Title = {Limiting privacy breaches in privacy preserving data mining},
	Year = {2003}}

@article{Valiant84,
	Author = {Leslie G. Valiant},
	Journal = {Communications of the ACM},
	Key = {Valiant},
	Pages = {1134--1142},
	Title = {A Theory of the Learnable},
	Volume = {27},
	Year = {1984}}

@article{FMS04,
	Author = {Yoav Freund and Yishay Mansour and Robert E. Schapire},
	Journal = {Annals of Statistics},
	Number = {4},
	Pages = {1698--1722},
	Title = {Generalization bounds for averaged classifiers},
	Volume = {32},
	Year = {2004}}

@inproceedings{MT07,
	Author = {Frank McSherry and Kunal Talwar},
	Booktitle = {FOCS},
	Pages = {94--103},
	Publisher = {IEEE},
	Title = {Mechanism Design via Differential Privacy},
	Year = {2007}}

@inproceedings{Kearns-1993,
	Author = {Michael J. Kearns},
	Booktitle = {STOC},
	Note = {Prelimnary version of \cite{Kearns98}},
	Pages = {392-401},
	Printoutnum = {198},
	Publisher = {ACM},
	Title = {Efficient noise-tolerant learning from statistical queries},
	Year = {1993}}

@article{BshoutyFeldman-2001,
	Author = {Nader H. Bshouty and Vitaly Feldman},
	Journal = {Journal of Machine Learning Research},
	Pages = {359-395},
	Printoutnum = {539},
	Title = {On Using Extended Statistical Queries to Avoid Membership Queries},
	Volume = {2},
	Year = {2002}}

@article{BousquetElisseeff-2002,
	Author = {Olivier Bousquet and Andr\'e Elisseeff},
	Journal = {Journal of Machine Learning Research},
	Pages = {499 - 526},
	Title = {Stability and generalization},
	Volume = {2},
	Year = {2002}}

@article{EliEvgPon-2005,
	Author = {Andr\'e Elisseeff and Theodoros Evgeniou and Massimiliano Pontil},
	Journal = {Journal of Machine Learning Research},
	Pages = {55-79},
	Title = {Stability of Randomized Learning Algorithms},
	Volume = {6},
	Year = {2005}}

@article{DevroyeWagner-1979,
	Author = {L. Devroye and T. Wagner},
	Journal = {IEEE Transactions on Information Theory},
	Number = 5,
	Pages = {601-604},
	Title = {Distribution-free performance bounds for potential function rules},
	Volume = {25},
	Year = {1979}}

@article{helm,
	Author = {David Helmbold and Robert Sloan and Manfred K. Warmuth},
	Journal = {SIAM Journal on Computing},
	Month = apr,
	Number = {2},
	Pages = {240--266},
	Title = {Learning Integer Lattices},
	Volume = {21},
	Year = {1992}}

@inproceedings{BDMN05,
	Author = {Avrim Blum and Cynthia Dwork and Frank McSherry and Kobbi Nissim},
	Bibsource = {DBLP, http://dblp.uni-trier.de},
	Booktitle = {PODS},
	Pages = {128--138},
	Publisher = {ACM},
	Title = {Practical Privacy: The {SuLQ} Framework},
	Year = {2005}}

@misc{DiDwNi,
	Author = {Irit Dinur and Cynthia Dwork and Kobbi Nissim},
	Title = {Revealing information while preserving privacy, Full version of~\cite{DiNi03}, in preparation},
	Year = {2009}}

@misc{boolfunc,
	Author = {Ryan O'Donnell},
	Title = {Analysis of Boolean Functions},
	Url = {http://analysisofbooleanfunctions.org},
	Year = {2012},
	Bdsk-Url-1 = {http://analysisofbooleanfunctions.org}}

@conference{candes05b,
	Author = {E Candes and M Rudelson and T Tao and R Vershynin.},
	Booktitle = {ANNUAL SYMPOSIUM ON FOUNDATIONS OF COMPUTER SCIENCE},
	Organization = {IEEE COMPUTER SOCIETY PRESS},
	Pages = {295},
	Title = {{Error correction via linear programming}},
	Volume = {46},
	Year = {2005}}

@article{candes05,
	Author = {EJ Candes and T Tao.},
	Journal = {IEEETransactions on Information Theory},
	Number = {12},
	Pages = {4203--4215},
	Title = {{Decoding by linear programming}},
	Volume = {51},
	Year = {2005}}

@inproceedings{LiLV07,
	Author = {Ninghui Li and Tiancheng Li and Suresh Venkatasubramanian},
	Booktitle = {ICDE},
	Pages = {106-115},
	Publisher = {IEEE Computer Society},
	Title = {$t$-Closeness: Privacy Beyond $k$-Anonymity and $l$-Diversity},
	Year = {2007}}

@inproceedings{DiNi03,
	Author = {Irit Dinur and Kobbi Nissim},
	Booktitle = {PODS},
	Ee = {http://doi.acm.org/10.1145/773153.773173},
	Pages = {202-210},
	Publisher = {ACM},
	Title = {{Revealing Information while Preserving Privacy.}},
	Year = {2003}}

@inproceedings{DwNi04,
	Author = {Cynthia Dwork and Kobbi Nissim},
	Booktitle = {CRYPTO},
	Pages = {528-544},
	Publisher = {Springer},
	Series = {LNCS},
	Title = {Privacy-Preserving Datamining on Vertically Partitioned Databases.},
	Year = {2004}}

@inproceedings{Dwork06,
	Author = {Cynthia Dwork},
	Booktitle = {ICALP},
	Pages = {1-12},
	Series = {LNCS},
	Title = {Differential Privacy.},
	Year = {2006}}

@inproceedings{DKMMN06,
	Author = {Cynthia Dwork and Krishnaram Kenthapadi and Frank McSherry and Ilya Mironov and Moni Naor},
	Booktitle = {EUROCRYPT},
	Pages = {486-503},
	Publisher = {Springer},
	Series = {LNCS},
	Title = {Our Data, Ourselves: Privacy Via Distributed Noise Generation.},
	Year = {2006}}

@article{KSS92,
	Author = {Michael J. Kearns and Robert E. Schapire and Linda M. Sellie},
	Doi = {http://dx.doi.org/10.1007/BF00993468},
	Issn = {0885-6125},
	Journal = {Machine Learning},
	Number = {2-3},
	Pages = {115--141},
	Publisher = {Kluwer Academic Publishers},
	Title = {Toward Efficient Agnostic Learning},
	Volume = {17},
	Year = {1994},
	Bdsk-Url-1 = {http://dx.doi.org/10.1007/BF00993468}}

@article{Yang-2002,
	Author = {Ke Yang},
	Journal = {Journal of Computer and System Sciences},
	Number = {4},
	Pages = {485-509},
	Printoutnum = {533},
	Title = {New Lower Bounds for Statistical Query Learning.},
	Volume = {70},
	Year = {2005}}

@inproceedings{RHS07,
	Author = {Vibhor Rastogi and Sungho Hong and Dan Suciu},
	Bibsource = {DBLP, http://dblp.uni-trier.de},
	Booktitle = {VLDB},
	Pages = {531-542},
	Title = {The Boundary Between Privacy and Utility in Data Publishing},
	Year = {2007}}

@inproceedings{BCDKMT07,
	Author = {Boaz Barak and Kamalika Chaudhuri and Cynthia Dwork and Satyen Kale and Frank McSherry and Kunal Talwar},
	Booktitle = {PODS},
	Pages = {273-282},
	Publisher = {ACM},
	Title = {Privacy, accuracy, and consistency too: a holistic solution to contingency table release},
	Year = {2007}}

@inproceedings{MS06,
	Author = {Nina Mishra and Mark Sandler},
	Bibsource = {DBLP, http://dblp.uni-trier.de},
	Booktitle = {PODS},
	Pages = {143-152},
	Publisher = {ACM},
	Title = {Privacy via pseudorandom sketches},
	Year = {2006}}

@article{FischerSimon-1990,
	Author = {Paul Fischer and Hans-Ulrich Simon},
	Journal = {SIAM Journal on Computing},
	Number = {1},
	Pages = {181-192},
	Title = {On Learning Ring-Sum-Expansions},
	Volume = {21},
	Year = {1992}}

@proceedings{DBLP:conf/uai/2002,
	Bibsource = {DBLP, http://dblp.uni-trier.de},
	Booktitle = {UAI},
	Date-Added = {2007-12-06 20:54:45 -0500},
	Date-Modified = {2007-12-06 20:54:45 -0500},
	Editor = {Adnan Darwiche and Nir Friedman},
	Isbn = {1-55860-897-4},
	Publisher = {Morgan Kaufmann},
	Title = {UAI '02, Proceedings of the 18th Conference in Uncertainty in Artificial Intelligence, University of Alberta, Edmonton, Alberta, Canada, August 1-4, 2002},
	Year = {2002}}

@proceedings{DBLP:conf/pods/2007,
	Bibsource = {DBLP, http://dblp.uni-trier.de},
	Booktitle = {PODS},
	Date-Added = {2007-12-06 20:54:08 -0500},
	Date-Modified = {2007-12-06 20:54:08 -0500},
	Editor = {Leonid Libkin},
	Isbn = {978-1-59593-685-1},
	Publisher = {ACM},
	Title = {Proceedings of the Twenty-Sixth ACM SIGACT-SIGMOD-SIGART Symposium on Principles of Database Systems, June 11-13, 2007, Beijing, China},
	Year = {2007}}

@proceedings{DBLP:conf/stoc/2004,
	Bibsource = {DBLP, http://dblp.uni-trier.de},
	Booktitle = {STOC},
	Date-Added = {2007-12-06 21:59:45 -0500},
	Date-Modified = {2007-12-06 21:59:45 -0500},
	Editor = {L{\'a}szl{\'o} Babai},
	Isbn = {1-58113-852-0},
	Publisher = {ACM},
	Title = {Proceedings of the 36th Annual ACM Symposium on Theory of Computing, Chicago, IL, USA, June 13-16, 2004},
	Year = {2004}}

@inproceedings{BKN10,
	Author = {Amos Beimel and Shiva Prasad Kasiviswanathan and Kobbi Nissim},
	Bibsource = {DBLP, http://dblp.uni-trier.de},
	Booktitle = {TCC},
	Crossref = {DBLP:conf/tcc/2010},
	Ee = {http://dx.doi.org/10.1007/978-3-642-11799-2_26},
	Pages = {437-454},
	Title = {Bounds on the Sample Complexity for Private Learning and Private Data Release},
	Year = {2010}}

@proceedings{DBLP:conf/tcc/2010,
	Bibsource = {DBLP, http://dblp.uni-trier.de},
	Booktitle = {TCC},
	Editor = {Daniele Micciancio},
	Ee = {http://dx.doi.org/10.1007/978-3-642-11799-2},
	Isbn = {978-3-642-11798-5},
	Publisher = {Springer},
	Series = {Lecture Notes in Computer Science},
	Title = {Theory of Cryptography, 7th Theory of Cryptography Conference, TCC 2010, Zurich, Switzerland, February 9-11, 2010. Proceedings},
	Volume = {5978},
	Year = {2010}}
