@String{ aap = "Ann. Applied Probability" }

@String{ aihp = {Ann. Inst. Henri Poincarr\'e}}

@String{ ams = "Ann. Math. Statist." }

@String{ amstat = "American Statist." }

@String{ ann = "Ann. Statist." }

@String{ aos = "Ann. Statist." }

@String{ bka = "Biometrika" }

@String{ canj = "Canadian J.~Statist." }

@String{ chap = "Chapman and Hall, New York" }

@String{ chapman = "Chapman and Hall, New York" }

@String{ cras = "Comptes Rendus Acad.~Sciences Paris" }

@String{ crc = "CRCPress" }

@String{ dekker = "Marcel Dekker" }

@String{ ieeetr_it = "IEEE Trans. Inform. Theory" }

@String{ isr = "International Statistical Review" }

@String{ jasa = "J. American Statist. Assoc." }

@String{ jcgs = "J. Comput. Graph. Statist." }

@String{ jrssb = "J. Royal Statist. Society Series A" }

@String{ jrssb = "Journal of the Royal Statistical Society: Series B" }

@String{ jspi = "J. Statist. Plann. Inference" }

@String{ oup = "Oxford University Press" }

@String{ prentice = "Prentice-Hall" }

@String{ spr = "Springer-Verlag, New York" }

@String{ springer = "Springer-Verlag, New York" }

@String{ statcomp = "Statist. Comp." }

@String{ statp = "Statist. Prob. Letters" }

@String{ statproblet = "Statist. Prob. Letters" }

@String{ statsci = "Statist. Science" }

@String{ tas = "The American Statistician" }

@String{ vafoursho = "Bayesian Statistics 4" }

@String{ wiley = "John Wiley" }


@article{Bernton2017inference_supp,
  title={Inference in generative models using the {W}asserstein distance (Supplementary material)},
  author={Bernton, Espen and Jacob, Pierre E and Gerber, Mathieu and Robert, Christian P},
  journal={},
  year={2017},
  link={https://sites.google.com/site/pierrejacob/articles}
}


@article{Resampling,
    author = {M. Gerber and N. Chopin and   N. Whiteley},
    title={Negative association, ordering and convergence of resampling methods},
  journal={arXiv preprint arXiv:1707.01845},
  year={2017}
}

@book{villani2003topics,
  title={Topics in optimal transportation},
  author={Villani, C{\'e}dric},
  volume={58},
  series = {Graduate Studies in Mathematics},
  year={2003},
  publisher={American Mathematical Society}
}


@Book{ robert:1994,
    author = "{C.P.} Robert",
    title = "The {B}ayesian choice",
    year = 1994,
    publisher = spr
}

@Book{ devroye:1985,
    author = "L. Devroye",
    title = "Non-uniform random variate generation",
    year = 1985,
    publisher = spr
}

@Article{ vonneumann:1951,
    author = "J. {Von Neumann}",
    title = "Various techniques used in connection with random digits",
    journal = "J. Resources of the National Bureau of Standards---Applied Mathematics Series",
    year = 1951,
    volume = 12,
    pages = "36--38"
}

@Article{LEcuyer:2001,
    author = {P. L'Ecuyer and R. Simard and E. Jack Chen and W. David Kelton},
    title = {An object-oriented random-number package with many long streams and substreams},
    journal = {Operations Research},
    year = {2001},
    volume = {50},
    pages = {1073--1075}
}

@Article{Marsaglia:2003, 
    title={Xorshift RNGs}, 
    volume={8}, 
    url={http://www.jstatsoft.org/v08/i14/paper}, 
    number={14}, 
    journal={Journal Of Statistical Software}, 
    publisher={American Statistical Association}, 
    author={Marsaglia, G.}, 
    year={2003}, 
    pages={1--6}
}

@book{gelman2010handbook,
    title={Handbook of {M}arkov chain {M}onte {C}arlo: methods and applications},
    author={Gelman, A. and Brooks, S. and Jones, G. and Meng, X.L.},
    isbn={9781420079418},
    series={Chapman \& Hall/CRC handbooks of modern statistical methods},
    year={2010},
    publisher={CRC Press}
}

@Book{robert:casella:2004,
    author = "{C.P.} Robert and G. Casella",
    title = "{M}onte {C}arlo statistical methods",
    year = 2004,
    edition = "second",
    publisher = springer
}

@Article{ hastings:1970,
    author = "W.K. Hastings",
    title = "{M}onte {C}arlo sampling methods using {M}arkov chains and their application",
    journal = bka,
    year = 1970,
    volume = 57,
    pages = "97--109"
}

@Book{ doucet:defreitas:gordon:2001,
    author = "A. Doucet and N. {{de Freitas}} and N. Gordon",
    title = "Sequential {M}onte {C}arlo methods in practice",
    year = 2001,
    publisher = spr
}

@Book{ cappe:ryden:2004,
    author = "O. Capp{{\'e}} and E. Moulines and T. Ryd{{\'e}}n",
    title = "Inference in Hidden {M}arkov Models",
    year = 2005,
    publisher = springer
}

@Article{andrieu:doucet:holenstein:2010,
    author = {C. Andrieu and A. Doucet and R. Holenstein},
    title = {Particle {M}arkov chain {M}onte {C}arlo (with discussion)},
    journal = {Journal of the Royal Statistical Society: Series B},
    year = {2010},
    volume = {72},
    number = {4},
    pages  = {357--385}
}

@Article{leecommentonpmcmc,
    author = {A. Lee and C. Holmes},
    title = {Comment on {P}article {M}arkov chain {M}onte {C}arlo by {A}ndrieu, {D}oucet and {H}olenstein},
    journal = {Journal of the Royal Statistical Society: Series B},
    year = {2010},
    volume = {72},
    number = {4},
    pages  = {357--385}
}


@Article{whiteleycommentonpmcmc,
    author = {N. Whiteley},
    title = {Comment on {P}article {M}arkov chain {M}onte {C}arlo by {A}ndrieu, {D}oucet and {H}olenstein},
    journal = {Journal of the Royal Statistical Society: Series B},
    year = {2010},
    volume = {72},
    number = {4},
    pages  = {357--385}
}


@Article{ casella:lavine:robert:2001,
    author = "G. Casella and M. Lavine and {C.P.} Robert",
    title = "Explaining the perfect sampler",
    journal = "The American Statistician",
    year = 2001,
    volume = 55,
    number = 4,
    pages = "299--305"
}

@Article{ propp:wilson:1996,
    author = "J.G. Propp and D.B. Wilson",
    title = "Exact sampling with coupled {M}arkov chains and applications to statistical mechanics",
    journal = "Random Structures and Algorithms",
    year = 1996,
    volume = 9,
    pages = "223--252"
}

@article{latuszynski2011simulating,
  title={Simulating events of unknown probabilities via reverse time martingales},
  author={{\L}atuszy{\'n}ski, Krzysztof and Kosmidis, Ioannis and Papaspiliopoulos, Omiros and Roberts, Gareth O},
  journal={Random Structures \& Algorithms},
  volume={38},
  number={4},
  pages={441--452},
  year={2011},
  publisher={Wiley Online Library}
}

@article{thomas2011practical,
  title={A Practical Implementation of the Bernoulli Factory},
  author={Thomas, AC and Blanchet, Jose H},
  journal = {ArXiv e-prints},
  archivePrefix = "arXiv",
  eprint = {1106.2508},
  year={2011}
}


@Article{kalman:1961,
    author = {Kalman, R. E. and Bucy, R. S.},
    title = { New results in linear filtering and prediction theory },
    journal = { Trans. Amer. Soc. Mech. Eng., J. Basic Eng. },
    year = {1961},
    volume = {83},
    pages = { 95-108 }
}

@Article{wraith:2009,
    author = {D. Wraith and M. Kilbinger and K. Benabed and O. Capp{\'e} and J.-F. Cardoso and G. Fort and S. Prunet and C.P. Robert},
    title  = {Estimation of cosmological parameters using adaptive importance sampling},
    journal= {Physical Review D},
    volume = {80},
    pages  = {023507},
    year   = {2009}
}

@Article{lewis:2000,
    author = {A. Lewis and A. Challinor and A. Lasenby},
    title  = {Efficient computation of cosmic microwave background anisotropies in closed
        friedmann-robertson-walker models},
    journal = {The Astrophysical Journal},
    volume = {538},
    pages  = {473--476},
    year   = {2000}
}

@Article{metropolis:1953,
    author = {N. Metropolis and A.W. Rosenbluth and M.N. Rosenbluth and A.H. Teller and E. Teller},
    title = "Equations of state calculations by fast computing machines",
    journal = "J. Chem. Phys.",
    year = 1953,
    number = 6,
    volume = 21,
    pages = "1087--1092"
}

@Article{univariate:2008,
    author = {Leemis, L.M. and McQueston, J.T.},
    title = {Univariate distribution relationships},
    journal = {The American Statistician},
    volume = {62},
    number = {1},
    pages = {45-53},
    year = {2008}
}

@Article{hall:1986,
    author="Hall, P.",
    title="{On the number of bootstrap simulations required to construct a
        confidence interval.}",
language="English",
journal="Annals of Statistics",
volume="14",
pages="1453-1462",
year="1986",
doi={10.1214/aos/1176350169},
keywords="{Edgeworth inversion; number of simulations; one-sided confidence
    intervals; Studentized statistic; bootstrap simulations; reduction of error;
coverage probability}",
classmath="{*62G15 (Nonparametric confidence regions, etc.)
    62E20 (Asymptotic distribution theory in statistics)
    65C99 (Numerical simulation)
}",
    }

@InProceedings{heinrich:novak:2000,
    author = "Heinrich, S. and Novak, E.",
    title = "Optimal summation and integration by deterministic, randomized, and quantum algorithms",
    booktitle = {Monte Carlo and Quasi-Monte Carlo Methods},
    editor = "Fang, K.T. and Hickernell, F.J. and Niederreiter, H.",
    pages = "50--62",
    year = "2000",
    publisher = "Springer, Berlin"
}

@Article{bakhvalov:1959, 
    author = "Bakhvalov, N.S.",
    title = "On approximate computation of integrals",
    journal = "Vestnik Moskov. Gos. Univ. Ser. Math. Mech. Astron. Phys. Chem.",
    language = "Russian",
    year = "1959",
    volume = "4",
    pages = "3--18"
}

@Article{bakhvalov:1962, 
    author = "Bakhvalov, N.S.",
    title = "On the rate of convergence of indeterministic integration
        processes within the functional classes $W_p^{(l)}$.",
    journal = "Theory Prob. Applications",
    year = "1962",
    volume = "7",
    pages = "227"
}

@article{roberts:rosenthal:2001,
    author="Roberts, G.O. and Rosenthal, J.S.",
    title="{Optimal scaling for various Metropolis-Hastings algorithms.}",
    language="English",
    journal="Stat. Sci. ",
    volume="16",
    number="4",
    pages="351-367",
    year="2001",
    doi={10.1214/ss/1015346320},
    keywords="{Adaptiv triangulations; AIC; density estimation; extended linear
        models; finite elements; free knot splines; GCV; linear splines;
    multivariate splines; regression}",
classmath="{*65C05 (Monte Carlo methods) 60J05 (Markov processes with discrete parameter) }",
}

@Article{beskos:crisan:jasra:2011,
    author = {{Beskos}, A. and {Crisan}, D. and {Jasra}, A.},
    title = "{On the stability of sequential Monte Carlo methods in high dimensions}",
    journal = {ArXiv e-prints},
    archivePrefix = "arXiv",
    eprint = {1103.3965},
    primaryClass = "stat.CO",
    keywords = {Statistics - Computation},
    year = 2011
}


@Article{beskos:crisan:jasra:whiteley:2011,
    author = {{Beskos}, A. and {Crisan}, D. and {Jasra}, A. and {Whiteley}, N.
    },
    title = "{Error bounds and normalizing constants for sequential {M}onte {C}arlo in high dimensions}",
    journal = {ArXiv e-prints},
    archivePrefix = "arXiv",
    eprint = {1112.1544},
    primaryClass = "stat.CO",
    keywords = {Statistics - Computation},
    year = 2011
}

@Article{owen:tutorial:2012, 
    author = "Owen, A.",
    title = "Monte Carlo ideas and methods",
    journal = "Tutorial at the Monte Carlo and Quasi-Monte Carlo Methods conference",
    year = 2012,
    volume = "",
    pages = "",
    url={http://www.mcqmc2012.unsw.edu.au/slides.php}
}

@Article{ tierney:1994,
    author = "L. Tierney",
    title = "{M}arkov chains for exploring posterior distributions (with discussion)",
    journal = ann,
    year = 1994,
    volume = 22,
    pages = "1701--1786"
}

@Article{beaumont:2003,
    author = {Beaumont, M.A.}, 
    title = {Estimation of population growth or decline in genetically monitored populations}, 
    volume = {164}, 
    number = {3}, 
    pages = {1139-1160}, 
    year = {2003}, 
    journal = {Genetics} 
}

@Article{andrieu:roberts:2009,
    author="Andrieu, C. and Roberts, G.O.",
    title="{The pseudo-marginal approach for efficient {M}onte {C}arlo computations}",
    journal="Annals of Statistics",
    volume="37",
    number="2",
    pages="697-725",
    year="2009",
    }

@Book{ meyn:tweedie:1993,
    author = "S.P. Meyn and R.L. Tweedie",
    title = "{M}arkov chains and stochastic {s}tability",
    year = 1993,
    publisher = spr
}

@Article{nummelin:mcmc:2002,
    title = {MC's for MCMC'ists},
    author = {Nummelin, E.},
    journal = {International Statistical Review / Revue Internationale de Statistique},
    volume = {70},
    number = {2},
    pages = {pp. 215-240},
    ISSN = {03067734},
    language = {English},
    year = {2002},
    publisher = {International Statistical Institute (ISI)}
}

@Article{peters:hosack:hayes:2010,
    author = {{Peters}, G.~W. and {Hosack}, G.~R. and {Hayes}, K.~R.},
    title = "{Ecological non-linear state space model selection via adaptive particle Markov chain Monte Carlo (AdPMCMC)}",
    journal = {ArXiv e-prints},
    archivePrefix = "arXiv",
    eprint = {1005.2238},
    primaryClass = "stat.ME",
    keywords = {Statistics - Methodology, Statistics - Applications, Statistics - Computation, Statistics - Machine Learning},
    year = 2010,
    adsnote = {Provided by the SAO/NASA Astrophysics Data System}
}



@Article{peters:briers:2011,
    author = {{Peters}, G.~W. and {Briers}, M. and {Shevchenko}, P.~V. and 
        {Doucet}, A.},
    title = "{Calibration and filtering for multi factor commodity models with seasonality: incorporating panel data from futures contracts}",
    journal = {ArXiv e-prints},
    archivePrefix = "arXiv",
    eprint = {1105.5850},
    primaryClass = "q-fin.CP",
    keywords = {Quantitative Finance - Computational Finance, Quantitative Finance - Statistical Finance, Statistics - Computation, Statistics - Methodology},
    year = 2011,
    adsnote = {Provided by the SAO/NASA Astrophysics Data System}
}

@Article{golightly:2011,
    author = {Golightly, A. and Wilkinson, D.J.}, 
    title = {{B}ayesian parameter inference for stochastic biochemical network models using particle {M}arkov chain {M}onte {C}arlo}, 
    volume = {1}, 
    number = {6}, 
    pages = {807-820}, 
    year = {2011}, 
    doi = {10.1098/rsfs.2011.0047}, 
    journal = {Interface Focus} 
}

@TechReport{bauwens:2011,
    author={L. Bauwens and A. Dufays and J. V.K. Rombouts},
    title={Marginal likelihood for {M}arkov switching and change-point GARCH models},
    year=2011,
    institution={School of Economics and Management, University of Aarhus},
    type={CREATES Research Papers},
    number={2011-41},
    keywords={Bayesian inference; Simulation; GARCH; Markov-switching model; Changepoint model; Marginal likelihoo}
}

@Article{rasmussen:2011,
    author = {Rasmussen, D.A. AND Ratmann, O. AND Koelle, K.},
    journal = {PLoS Comput Biol},
    publisher = {Public Library of Science},
    title = {Inference for nonlinear epidemiological models using genealogies and time series},
    year = {2011},
    volume = {7},
    pages = {e1002136},
    number = {8},
    doi = {10.1371/journal.pcbi.1002136}
}        

@Article{DelDouJas:2006,
    author = {Del Moral, P. and Doucet, A. and Jasra, A.},
    title = {{Sequential Monte Carlo samplers}},
    journal = {Journal of the Royal Statistical Society: Series B},
    year = {2006},
    volume = {68},
    pages = {411--436},
    number = {3}
}


@Article{papasp:2010,
    author = {Fearnhead, P. and Papaspiliopoulos, O. and Roberts, G.O. and Stuart,
        A.},
    title = {Random weight particle filtering of continuous time processes},
    journal = {J. R. Stat. Soc. Ser. B Stat. Methodol.},
    year = {2010},
    volume = {72},
    pages = {497--513}
}

@Article{chopin:2002,
    author = "N. Chopin",
    title = "A sequential particle filter method for static models",
    journal = bka,
    year = 2002,
    volume = "89",
    pages = "539--552"
}

@Article{gordon:salmon:smith:1993,
    author = "N. Gordon and J. Salmond and A.F.M. Smith",
    title = "A novel approach to non-linear/non-{G}aussian {B}ayesian state estimation",
    journal = "IEE Proceedings on Radar and Signal Processing",
    year = 1993,
    volume = 140,
    pages = "107--113"
}


@ARTICLE{neal:2001,
    author = {Neal, R. M.},
    title = {Annealed importance sampling},
    journal = statcomp,
    year = {2001},
    volume = {11},
    pages = {125-139},
    owner = {manxac}
}

@PhDThesis{cornebise:phd,
    author = "Cornebise, J.",
    title = "{A}daptive {S}equential {M}onte {C}arlo methods",
    school = "Universit\'e Pierre et Marie Curie, Paris",
    year = "2009",
    url = "http://www.cornebise.com/julien/manuscrit.pdf"
}

@Article{chopin:2004,
    author = "N. Chopin",
    title = "Central limit theorem for sequential {M}onte {C}arlo methods and its application to {B}ayesian inference",
    journal = aos,
    year = 2004,
    volume = 32,
    number = 6, 
    pages = {2385--2411}
}

@Book{delMoral:book,
    title = {{F}eynman-{K}ac formulae},
    publisher={Springer-Verlag New York},
    year = {2004},
    author = {Del Moral, P},
    address = "New York"
}

@Article{CerDelGuy2011nonasymptotic,
    title={A nonasymptotic theorem for unnormalized {F}eynman--{K}ac particle models},
    author={C{\'e}rou, F. and Del Moral, P. and Guyader, A.},
    journal=aihp, 
    volume={47},
    number={3},
    pages={629--649},
    year={2011}
}

@article{whiteley2011stability,
author = "Whiteley, Nick",
fjournal = "The Annals of Applied Probability",
journal = "Annals of Applied Probability",
month = "12",
number = "6",
pages = "2500--2537",
publisher = "The Institute of Mathematical Statistics",
title = "Stability properties of some particle filters",
volume = "23",
year = "2013"
}


@Article{pritchard1999ABC,
    author = {Pritchard, J.K. and Seielstad, M.T. and Perez-Lezaun, A. and Feldman,
        M.W.},
    title = {{Population growth of human Y chromosomes: a study of Y chromosome
        microsatellites.}},
    journal = {Molecular Biology and Evolution},
    year = {1999},
    volume = {16},
    pages = {1791},
    number = {12},
    issn = {0737-4038},
    publisher = {SMBE}
}

@Article{beaumont2002ABC,
    author = {Beaumont, M.A. and Zhang, W. and Balding, D.J.},
    title = {{Approximate {B}ayesian computation in population genetics}},
    journal = {Genetics},
    year = {2002},
    volume = {162},
    pages = {2025},
    number = {4},
    publisher = {Genetics Soc America}
}

@Article{toni2009ABCdynamical,
    author = {Toni, T. and Welch, D. and Strelkowa, N. and Ipsen, A. and Stumpf,
        M.P.H.},
    title = {{Approximate {B}ayesian computation scheme for parameter inference
        and model selection in dynamical systems}},
    journal = {Journal of the Royal Society Interface},
    year = {2009},
    volume = {6},
    pages = {187},
    number = {31},
    issn = {1742-5689},
    publisher = {The Royal Society}
}

@article{filippi2013optimality,
  title={On optimality of kernels for approximate {B}ayesian computation using sequential {M}onte {C}arlo},
  author={Filippi, Sarah and Barnes, Chris P and Cornebise, Julien and Stumpf, Michael PH},
  journal={Statistical applications in genetics and molecular biology},
  volume={12},
  number={1},
  pages={87--107},
  year={2013}
}


@Article{barnes:filippi:2011,
    author = {{Barnes}, C. and {Filippi}, S. and {Stumpf}, M.~P.~H. and {Thorne}, T.
    },
    title = "{Considerate approaches to achieving sufficiency for ABC model selection}",
    journal = {ArXiv e-prints},
    archivePrefix = "arXiv",
    eprint = {1106.6281},
    primaryClass = "stat.CO",
    keywords = {Statistics - Computation},
    year = 2011,
    adsnote = {Provided by the SAO/NASA Astrophysics Data System}
}

@Article{Csillery2010410,
    title = "Approximate {B}ayesian Computation (ABC) in practice",
    journal = "Trends in Ecology \& Evolution",
    volume = "25",
    number = "7",
    pages = "410 - 418",
    year = "2010",
    note = "",
    issn = "0169-5347",
    doi = "10.1016/j.tree.2010.04.001",
    author = "K. Csill\'ery and M. G.B. Blum and O.E. Gaggiotti and O. François"
}

@Article{mathai:1999,
    author = {Mathai, A. and Moschopoulos, P. and Pederzoli, G.},
    affiliation = {McGill University Department of Mathematics and Statistics 805 Sherbrooke Street West H3A 2K6 Montreal Quebec Canada},
    title = {Random points associated with rectangles},
    journal = {Rendiconti del Circolo Matematico di Palermo},
    publisher = {Springer Milan},
    issn = {0009-725X},
    keyword = {Mathematics and Statistics},
    pages = {163-190},
    volume = {48},
    issue = {1},
    note = {10.1007/BF02844387},
    year = {1999}
}

@Article{ghosh:1951,
    author="Ghosh, B.",
    title="{Random distances within a rectangle and between two rectangles.}",
    language="English",
    journal="Bull. Calcutta Math. Soc. ",
    volume="43",
    pages="17-24",
    year="1951",
    keywords="{metric geometry, convex geometry, integral geometry}",
}

@Article{ casella:robert:1996,
    author = "G. Casella and {C.P.} Robert",
    title = "{R}ao-{B}lackwellisation of sampling schemes",
    journal = bka,
    year = 1996,
    volume = 83,
    number = 1,
    pages = "81--94"
}

@article{douc:robert:2011,
    author="Douc, R. and Robert, C.P.",
    title="{A vanilla Rao-Blackwellization of Metropolis-Hastings algorithms.}",
    language="English",
    journal="Annals of Statistics",
    volume="39",
    number="1",
    pages="261-277",
    year="2011",
    doi={10.1214/10-AOS838},
    keywords="{Markov chain Monte Carlo (MCMC); probit model; central limit theorem;
    variance reduction; conditioning}",
classmath="{*62F10 (Point estimation)
    60F05 (Weak limit theorems)
    60J22 (Computational methods in Markov chains)
    62B10 (Statistical information theory)
    65C40 (Computational Markov chains)
    65C60 (Computational problems in statistics)
    62G05 (Nonparametric estimation)
}"
}

@inproceedings{holmes:doucet:lee:giles:yau:2010,
    author = "C.C. Holmes and A. Doucet and A. Lee and M. Giles and C. Yau",
    title  =  "{B}ayesian computation on graphics cards",
    booktitle = "Bayesian Statistics 9: Proceedings of the Ninth Valencia International Meeting, June 3-8, 2010",
    publisher = "Oxford University Press",
    year = 2011,
    editor = "J.M Bernardo and M.J. Bayarri and J.O. Degroot and A.P. Dawid and D. Heckerman and A.M. Smith and M. West",
}

@PhDThesis{stephens:1997,
    author = "M. Stephens",
    title = "{B}ayesian methods for mixtures of normal distributions",
    school = "University of Oxford",
    year = 1997,
    institution = "Department of Statistics"
}

@Article{stephens:2000b,
    author = "M. Stephens",
    title = "Dealing with label switching in mixture models",
    journal = jrssb,
    year = 2000,
    volume = "62(4)",
    pages = "795--809"
}

@Article{celeux:hurn:robert:2000,
    author = "G. Celeux and M.A. Hurn and {C.P.} Robert",
    title = "Computational and inferential difficulties with mixtures posterior distribution",
    journal = jasa,
    year = 2000,
    volume = "95(3)",
    pages = "957--979"
}

@Book{fruhwirth:2006,
    author = "S. Fr{\"u}hwirth-Schnatter",
    title = "Finite mixture and {M}arkov switching models",
    publisher = spr,
    year = 2006,
    address = "New York"
}

@Article{robert:lee:marin:mengersen:2008,
    author = {{Lee}, K. and {Marin}, J.-M. and {Mengersen}, K. and {Robert}, C.~P.
    },
    title = "{{B}ayesian inference on mixtures of distributions}",
    journal = {ArXiv e-prints},
    archivePrefix = "arXiv",
    eprint = {0804.2413},
    primaryClass = "stat.CO",
    keywords = {Statistics - Computation, Statistics - Methodology},
    year = 2008,
    adsurl = {http://adsabs.harvard.edu/abs/2008arXiv0804.2413L},
    adsnote = {Provided by the SAO/NASA Astrophysics Data System}
}

@Article{stephens:2000,
    author = "M. Stephens",
    title = "{B}ayesian analysis of mixture models with an unknown number of components---an alternative to reversible jump methods",
    journal = aos,
    year = 2000,
    volume = 28,
    pages = "40--74"
}

@Article{ green:1995,
    author = "P.J. Green",
    title = "Reversible jump {MCMC} computation and {B}ayesian model determination",
    journal = bka,
    year = 1995,
    volume = 82,
    number = 4,
    pages = "711--732"
}

@Article{jasra:doucet:holmes:2008,
    title = "Interacting sequential Monte Carlo samplers for trans-dimensional simulation",
    journal = "Computational Statistics and Data Analysis",
    volume = "52",
    number = "4",
    pages = "1765 - 1791",
    year = "2008",
    note = "",
    issn = "0167-9473",
    doi = "10.1016/j.csda.2007.09.009",
    url = "http://www.sciencedirect.com/science/article/pii/S0167947307003398",
    author = "A. Jasra and A. Doucet and D.A. Stephens and C.C. Holmes"
}

@Article{jasra2007population,
    author = {Jasra, A. and Stephens, D.A. and Holmes, C.C.},
    title = {{On population-based simulation for static inference}},
    journal = {Statistics and Computing},
    year = {2007},
    volume = {17},
    pages = {263--279},
    number = {3},
    publisher = {Springer}
}

@Article{ChoLelSto:2010,
    hal_id = {hal-00460914},
    url = {http://hal.archives-ouvertes.fr/hal-00460914},
    title = {{Free energy methods for {B}ayesian inference: efficient exploration of univariate gaussian mixture posteriors}},
    author = {Chopin, N. and Lelievre, T. and Stoltz, G.},
    language = {Anglais},
    affiliation = {Centre de Recherche en {\'E}conomie et Statistique - CREST , MICMAC - INRIA Paris - Rocquencourt , Centre d'Enseignement et de Recherche en Math{\'e}matiques et Calcul Scientifique - CERMICS},
    pages = {20 p.},
    volume = {},
    journal = {Statistics and Computing},
    audience = {internationale },
    doi = {10.1007/s11222-011-9257-9 },
    year = {2011}
}


@article{importancetempering:2010,
    author = {Gramacy, R. and Samworth, R. and King, R.},
    affiliation = {University of Cambridge Statistical Laboratory Cambridge UK},
    title = {Importance tempering},
    journal = {Statistics and Computing},
    publisher = {Springer Netherlands},
    issn = {0960-3174},
    keyword = {Mathematics and Statistics},
    pages = {1-7},
    volume = {20},
    issue = {1},
    url = {http://dx.doi.org/10.1007/s11222-008-9108-5},
    note = {10.1007/s11222-008-9108-5},
    year = {2010}
}

@InProceedings{atchade:fort:2011,
    author = {Y. Atchad\'e and G. Fort and E. Moulines and P. Priouret.},
    title = "Adaptive Markov chain Monte Carlo : theory and methods",
    booktitle = {{B}ayesian Time Series Models},
    editor = "D. Barber and A. T. Cemgil and S. Chiappia",
    pages = "33--52",
    year = "2011",
    publisher = "Cambridge Univ. Press"
}

@Article{baragatti:2011,
    author = {{Baragatti}, M. and {Grimaud}, A. and {Pommeret}, D.},
    title = "{Parallel tempering with equi-energy moves}",
    journal = {ArXiv e-prints},
    archivePrefix = "arXiv",
    eprint = {1101.4743},
    primaryClass = "stat.ME",
    keywords = {Statistics - Methodology},
    year = 2011,
    adsurl = {http://adsabs.harvard.edu/abs/2011arXiv1101.4743B},
    adsnote = {Provided by the SAO/NASA Astrophysics Data System}
}

@Article{suchard:2010,
    author = {Suchard, M.A. and Wang, Q. and Chan, C. and Frelinger, J. and Cron, A. and West, M.},
    title = 
    {Understanding GPU programming for statistical computation: studies in massively parallel massive mixtures},
    journal = {Journal of Computational and Graphical Statistics},
    volume = {19},
    number = {2},
    pages = {419-438},
    year = {2010},
    doi = {10.1198/jcgs.2010.10016},
    URL = {http://pubs.amstat.org/doi/abs/10.1198/jcgs.2010.10016},
    eprint = {http://pubs.amstat.org/doi/pdf/10.1198/jcgs.2010.10016}
}

@Article{murray:2012,
    author = {{Murray}, L.},
    title = "{GPU acceleration of the particle filter: the Metropolis resampler}",
    journal = {ArXiv e-prints},
    archivePrefix = "arXiv",
    eprint = {1202.6163},
    primaryClass = "stat.CO",
    keywords = {Statistics - Computation, Computer Science - Distributed, Parallel, and Cluster Computing},
    year = 2012,
    adsurl = {http://adsabs.harvard.edu/abs/2012arXiv1202.6163M},
    adsnote = {Provided by the SAO/NASA Astrophysics Data System}
}

@Article{polansky:2009,
    author = {L. Polansky and P. de Valpine and J.O. Lloyd-Smith and W.M. Getz},
    title = {Likelihood ridges and multimodality in population growth rate models},
    journal = {Ecology},
    volume = {90},
    number = {8},
    pages = {2313--2320},
    year = {2009}
}

@Book{pastor:book,
    title = {Mathematical ecology of populations and ecosystems},
    publisher = {John Wiley and Sons},
    year = {2011},
    author = {Pastor, J.}
}

@article{fearnhead:prangle:2012,
  title={Constructing summary statistics for approximate {B}ayesian computation: semi-automatic approximate {B}ayesian computation},
  author={Fearnhead, Paul and Prangle, Dennis},
  journal={Journal of the Royal Statistical Society: Series B},
  volume={74},
  number={3},
  pages={419--474},
  year={2012},
  publisher={Wiley Online Library}
}

@Article{richardson:green:1997,
    Author = {Richardson, Sylvia. and Green, Peter J.},
    Date-Modified = {2011-02-12 19:07:45 -0800},
    Doi = {10.1111/1467-9868.00095},
    Issn = {1467-9868},
    Journal = {Journal of the Royal Statistical Society: Series B},
    Keywords = {Birth-and-death process, Classification, Galaxy data, Heterogeneity, Lake acidity data, Markov chain Monte Carlo method, Normal mixtures, Predictive distribution, Reversible jump algorithms, Sensitivity analysis},
    Number = {4},
    Pages = {731--792},
    Publisher = {Blackwell Publishers Ltd.},
    Title = {On {B}ayesian Analysis of Mixtures with an Unknown Number of Components (with discussion)},
    Url = {http://dx.doi.org/10.1111/1467-9868.00095},
    Volume = {59},
    Year = {1997},
    Bdsk-Url-1 = {http://dx.doi.org/10.1111/1467-9868.00095}
}

@book{barndorff2010complex,
    title={Complex Stochastic Systems},
    author={Barndorff-Nielsen, O.E. and Kluppelberg, C.},
    isbn={9781584881582},
    lccn={00034064},
    series={Monographs on Statistics and Applied Probability},
    url={http://books.google.com.sg/books?id=gCENL6qflA8C},
    year={2010},
    publisher={Taylor \& Francis},
    address = "London"
}

@Article{vanhandeldimension2013,
   author = {{Rebeschini}, P. and {van Handel}, R.},
    title = "{Can local particle filters beat the curse of dimensionality?}",
  journal = {ArXiv e-prints},
archivePrefix = "arXiv",
   eprint = {1301.6585},
 primaryClass = "math.ST",
 keywords = {Mathematics - Statistics Theory, Mathematics - Probability, 60G35, 60K35, 62M20, 65C05, 68Q87},
     year = 2013,
   adsurl = {http://adsabs.harvard.edu/abs/2013arXiv1301.6585R},
  adsnote = {Provided by the SAO/NASA Astrophysics Data System}
}

@article{jasra2008stability,
  title={Stability of sequential Monte Carlo samplers via the Foster-Lyapunov condition},
  author={Jasra, Ajay and Doucet, Arnaud},
  journal={Statistics \& Probability Letters},
  volume={78},
  number={17},
  pages={3062--3069},
  year={2008},
  publisher={Elsevier}
}

@article{Girolami:2013,
   author = {{Girolami}, M. and {Lyne}, A.-M. and {Strathmann}, H. and {Simpson}, D. and 
	{Atchade}, Y.},
    title = "{Playing Russian Roulette with Intractable Likelihoods}",
  journal = {ArXiv e-prints},
archivePrefix = "arXiv",
   eprint = {1306.4032},
 primaryClass = "stat.ME",
 keywords = {Statistics - Methodology, Statistics - Computation, Statistics - Machine Learning},
     year = 2013,
   adsurl = {http://adsabs.harvard.edu/abs/2013arXiv1306.4032G},
  adsnote = {Provided by the SAO/NASA Astrophysics Data System}
}

@article{Keane:1994,
 author = {Keane, M. S. and O'Brien, George L.},
 title = {A Bernoulli factory},
 journal = {ACM Trans. Model. Comput. Simul.},
 issue_date = {April 1994},
 volume = {4},
 number = {2},
 year = {1994},
 issn = {1049-3301},
 pages = {213--219},
 numpages = {7},
 url = {http://doi.acm.org/10.1145/175007.175019},
 doi = {10.1145/175007.175019},
 acmid = {175019},
 publisher = {ACM},
 address = {New York, NY, USA},
 keywords = {Bernoulli random variables and sequences},
} 

@article{Nacu:2005,
  title={Fast simulation of new coins from old},
  author={Nacu, {\c{S}}erban and Peres, Yuval},
  journal={Annals of Applied Probability},
  volume={15},
  number={1A},
  pages={93--115},
  year={2005},
  publisher={Institute of Mathematical Statistics}
}

@article{Henderson:2003,
  title={Nonexistence of a class of variate generation schemes},
  author={Henderson, Shane G and Glynn, Peter W},
  journal={Operations Research Letters},
  volume={31},
  number={2},
  pages={83--89},
  year={2003},
  publisher={Elsevier}
}

@article{McLeish:2012,
	Author = {McLeish, D.},
	Journal = {Monte Carlo methods and applications},
	Number = {4},
	Pages = {301--315},
	Title = {A general method for debiasing a {M}onte {C}arlo estimator},
	Volume = {17},
	Year = {2012}}


@inproceedings{Rhee:Glynn:2012,
 author = {Rhee, C. and Glynn, P. W.},
 title = {A new approach to unbiased estimation for {SDE}'s},
 booktitle = {Proceedings of the Winter Simulation Conference},
 year = {2012},
 location = {Berlin, Germany},
 pages = {17:1--17:7},
} 

@article{glynn2014exact,
author = "Glynn, Peter W. and Rhee, Chang-Han",
fjournal = "Journal of Applied Probability",
journal = "J. Appl. Probab.",
pages = "377--389",
publisher = "Applied Probability Trust",
title = "Exact estimation for {M}arkov chain equilibrium expectations",
volume = "51A",
year = "2014"
}



@article{Wied:Weissback:2012,
    year={2012},
    issn={0932-5026},
    journal={Statistical Papers},
    volume={53},
    number={1},
    doi={10.1007/s00362-010-0338-1},
    title={Consistency of the kernel density estimator: a survey},
    url={http://dx.doi.org/10.1007/s00362-010-0338-1},
    publisher={Springer-Verlag},
    keywords={Kernel estimation; Pointwise consistency; Strong uniform consistency; Empirical process; Rate of convergence; Variable bandwidth; 60-02; 62-02},
    author={Wied, Dominik and Wei{\ss}bach, Rafael},
    pages={1-21},
    language={English}
}

@InProceedings{papasp:2011bayesian,
    author = "Papaspiliopoulos, O.",
    title = "A methodological framework for Monte Carlo probabilistic inference for diffusion processes",
    booktitle = {Bayesian time series models},
    editor={Barber, David and Cemgil, A Taylan and Chiappa, Silvia},
    year={2011},
    publisher={Cambridge University Press}
}

@incollection{doucet2011tutorial,
  title={A tutorial on particle filtering and smoothing: Fifteen years later},
  author={Doucet, A. and Johansen, A.M.},
  booktitle={Handbook of Nonlinear Filtering},
  year={2011},
  publisher={Oxford, UK: Oxford University Press}
}


@article{murray2013disturbance,
  title={On disturbance state-space models and the particle marginal {M}etropolis-{H}astings sampler},
  author={Murray, Lawrence M and Jones, Emlyn M and Parslow, John},
  journal={SIAM/ASA Journal on Uncertainty Quantification},
  volume={1},
  number={1},
  pages={494--521},
  year={2013},
  publisher={Society for Industrial and Applied Mathematics}
}

@ARTICLE{murray2012collapsed,
   author = {{Murray}, L.~M. and {Jones}, E.~M. and {Parslow}, J.},
    title = "On Collapsed State-space Models and the Particle Marginal {M}etropolis-{H}astings Sampler",
  journal = {ArXiv e-prints},
archivePrefix = "arXiv",
   eprint = {1202.6159},
 primaryClass = "stat.CO",
 keywords = {Statistics - Computation},
     year = 2012,
   adsurl = {http://adsabs.harvard.edu/abs/2012arXiv1202.6159M},
  adsnote = {Provided by the SAO/NASA Astrophysics Data System}
}

@book{steffens2006history,
  title={The history of approximation theory: from Euler to Bernstein},
  author={Steffens, Karl-Georg},
  year={2006},
  publisher={Springer}
}

@article{marin2012approximate,
  title={Approximate {B}ayesian computational methods},
  author={Marin, Jean-Michel and Pudlo, Pierre and Robert, Christian P and Ryder, Robin J},
  journal={Statistics and Computing},
  volume={22},
  number={6},
  pages={1167--1180},
  year={2012},
  publisher={Springer}
}

@article{fearnhead2008particle,
  title={Particle filters for partially observed diffusions},
  author={Fearnhead, Paul and Papaspiliopoulos, Omiros and Roberts, Gareth O},
  journal={Journal of the Royal Statistical Society: Series B},
  volume={70},
  number={4},
  pages={755--777},
  year={2008},
  publisher={Wiley Online Library}
}

@book{tsybakov2009introduction,
  title={Introduction to Nonparametric Estimation},
  author={Tsybakov, A.B.},
  isbn={9780387790527},
  lccn={2008939894},
  series={Springer series in statistics},
  url={http://books.google.com.sg/books?id=mwB8rUBsbqoC},
  year={2009},
  publisher={Springer Science+Business Media, LLC}
}

@book{siegmund1985sequential,
  title={Sequential Analysis: Tests and Confidence Intervals},
  author={Siegmund, D.},
  isbn={9780387961347},
  lccn={85007942},
  series={Springer Series in Statistics},
  url={http://books.google.com.sg/books?id=TypRgDdNX20C},
  year={1985},
  publisher={Springer}
}

@article{rychlik1990unbiased,
  title={Unbiased nonparametric estimation of the derivative of the mean},
  author={Rychlik, T.},
  journal={Statistics \& probability letters},
  volume={10},
  number={4},
  pages={329--333},
  year={1990},
  publisher={Elsevier}
}

@article{rychlik1995class,
  title={A class of unbiased kernel estimates of a probability density function},
  author={Rychlik, T.},
  journal={Applications Math},
  volume={22},
  pages={485--497},
  year={1995}
}

@article{beskos2006exact,
  title={Exact and computationally efficient likelihood-based estimation for discretely observed diffusion processes (with discussion)},
  author={Beskos, Alexandros and Papaspiliopoulos, Omiros and Roberts, Gareth O and Fearnhead, Paul},
  journal={Journal of the Royal Statistical Society: Series B},
  volume={68},
  number={3},
  pages={333--382},
  year={2006},
  publisher={Wiley Online Library}
}

@article{rosenblatt1956remarks,
  title={Remarks on some nonparametric estimates of a density function},
  author={Rosenblatt, Murray},
  journal={Annals of Mathematical Statistics},
  pages={832--837},
  year={1956},
  publisher={JSTOR}
}

@article{chopin2012smc2,
  title={{SMC$^2$}: an efficient algorithm for sequential analysis of state space models},
  author={Chopin, N. and Jacob, P.E and Papaspiliopoulos, O.},
  journal={Journal of the Royal Statistical Society: Series B},
  year={2013},
  volume={75},
  number={3},
  pages={397--426},
  publisher={Wiley Online Library}
}

@article{lin2000noisy,
  title={A noisy Monte Carlo algorithm},
  author={Lin, L and Liu, KF and Sloan, J},
  journal={Physical Review D},
  volume={61},
  number={7},
  pages={074505},
  year={2000},
  publisher={APS}
}

@article{doss1989price,
  title={The price of bias reduction when there is no unbiased estimate},
  author={Doss, Hani and Sethuraman, Jayaram},
  journal={The Annals of Statistics},
  pages={440--442},
  year={1989},
  publisher={JSTOR}
}

@article{nicholls2012coupled,
  title={Coupled MCMC with a randomized acceptance probability},
  author={Nicholls, Geoff K and Fox, Colin and Watt, Alexis Muir},
  journal = {ArXiv e-prints},
  archivePrefix = "arXiv",
  eprint = {1205.6857},
  year={2012}
}

@article{ceperley1999penalty,
  title={The penalty method for random walks with uncertain energies},
  author={Ceperley, DM and Dewing, M},
  journal={The Journal of chemical physics},
  volume={110},
  pages={9812},
  year={1999}
}

@article{jourdain2007exact,
  title={Exact retrospective Monte Carlo computation of arithmetic average Asian options},
  author={Jourdain, Benjamin and Sbai, Mohamed},
  journal={Monte Carlo Methods and Applications},
  volume={13},
  number={2},
  pages={135--171},
  year={2007}
}

@article{wagner1987unbiased,
  title={Unbiased Monte Carlo evaluation of certain functional integrals},
  author={Wagner, Wolfgang},
  journal={Journal of Computational Physics},
  volume={71},
  number={1},
  pages={21--33},
  year={1987},
  publisher={Elsevier}
}

@inproceedings{Murray:2006,
    author = {Murray, I. and Ghahramani, Z. and MacKay, D. J. C.},
    booktitle = {Proceedings of the 22nd Annual Conference on Uncertainty in Artificial Intelligence (UAI-06)},
    citeulike-article-id = {10812125},
    keywords = {auxiliary\_variables, intractable\_component, mcmc, metropolis-hastings},
    pages = {359--366},
    posted-at = {2012-06-21 22:52:58},
    priority = {2},
    publisher = {AUAI Press},
    title = {{MCMC for doubly-intractable distributions}},
    year = {2006}
}

@article{giles2008multilevel,
  title={Multilevel monte carlo path simulation},
  author={Giles, Michael B},
  journal={Operations Research},
  volume={56},
  number={3},
  pages={607--617},
  year={2008},
  publisher={INFORMS}
}

@book{del2004feynman,
  title={Feynman-Kac Formulae, Genealogical and Interacting Particle Systems with Applications},
  author={Del Moral, P.},
  year={2004},
  publisher={Springer-Verlag New York}
}



@article{Everitt:2012,
author = {Everitt, Richard G.},
title = {Bayesian Parameter Estimation for Latent {M}arkov Random Fields and Social Networks},
journal = {Journal of Computational and Graphical Statistics},
volume = {21},
number = {4},
pages = {940-960},
year = {2012},
doi = {10.1080/10618600.2012.687493},

URL = {http://www.tandfonline.com/doi/abs/10.1080/10618600.2012.687493},
eprint = {http://www.tandfonline.com/doi/pdf/10.1080/10618600.2012.687493}
}

@article{troyer2005computational,
  title={Computational complexity and fundamental limitations to fermionic quantum Monte Carlo simulations},
  author={Troyer, Matthias and Wiese, Uwe-Jens},
  journal={Physical review letters},
  volume={94},
  number={17},
  pages={170201},
  year={2005},
  publisher={APS}
}

@article{flegal2012exact,
  title={Exact sampling for intractable probability distributions via a Bernoulli factory},
  author={Flegal, James M and Herbei, Radu},
  journal={Electronic Journal of Statistics},
  volume={6},
  pages={10--37},
  year={2012},
  publisher={Institute of Mathematical Statistics}
}


@article{olsson2011particle,
  title={Particle-based likelihood inference in partially observed diffusion processes using generalised Poisson estimators},
  author={Olsson, Jimmy and Str{\"o}jby, Jonas},
  journal={Electronic Journal of Statistics},
  volume={5},
  pages={1090--1122},
  year={2011},
  publisher={Institute of Mathematical Statistics}
}

@article{korattikara2013austerity,
  title={Austerity in MCMC Land: Cutting the Metropolis-Hastings Budget},
  author={Korattikara, Anoop and Chen, Yutian and Welling, Max},
  journal = {ArXiv e-prints},
  archivePrefix = "arXiv",
  eprint = {1304.5299},
  year={2013}
}

@article{sermaidis2012markov,
  title={Markov chain Monte Carlo for exact inference for diffusions},
  author={Sermaidis, Giorgos and Papaspiliopoulos, Omiros and Roberts, Gareth O and Beskos, Alexandros and Fearnhead, Paul},
  journal={Scandinavian Journal of Statistics},
  year={2012},
  publisher={Wiley Online Library}
}

@article{beskos2006retrospective,
  title={Retrospective exact simulation of diffusion sample paths with applications},
  author={Beskos, Alexandros and Papaspiliopoulos, Omiros and Roberts, Gareth O},
  journal={Bernoulli},
  volume={12},
  number={6},
  pages={1077--1098},
  year={2006},
  publisher={Bernoulli Society for Mathematical Statistics and Probability}
}

@article{beskos2005exact,
  title={Exact simulation of diffusions},
  author={Beskos, Alexandros and Roberts, Gareth O},
  journal=aap,
  volume={15},
  number={4},
  pages={2422--2444},
  year={2005},
  publisher={Institute of Mathematical Statistics}
}

@ARTICLE{tran:issquare:2013,
   author = {{Tran}, M.-N. and {Scharth}, M. and {Pitt}, M.~K. and {Kohn}, R.
	},
    title = "{IS\^{}2 for Bayesian inference in latent variable models}",
  journal = {ArXiv e-prints},
archivePrefix = "arXiv",
   eprint = {1309.3339},
 primaryClass = "stat.ME",
 keywords = {Statistics - Methodology},
     year = 2013,
   adsurl = {http://adsabs.harvard.edu/abs/2013arXiv1309.3339T},
  adsnote = {Provided by the SAO/NASA Astrophysics Data System}
}

@ARTICLE{crisan:miguez:2013,
   author = {{Crisan}, D. and {Miguez}, J.},
    title = "{Nested particle filters for online parameter estimation in discrete-time state-space Markov models}",
  journal = {ArXiv e-prints},
archivePrefix = "arXiv",
   eprint = {1308.1883},
 primaryClass = "stat.CO",
 keywords = {Statistics - Computation, Mathematics - Numerical Analysis, Mathematics - Probability, 60J05, 60F05, 65C05},
     year = 2013,
   adsurl = {http://adsabs.harvard.edu/abs/2013arXiv1308.1883C},
  adsnote = {Provided by the SAO/NASA Astrophysics Data System}
}

@book{gelman2003bayesian,
  title={Bayesian data analysis},
  author={Gelman, Andrew and Carlin, John B and Stern, Hal S and Rubin, Donald B},
  year={2003},
  publisher={CRC press}
}

@book{asmussen2007stochastic,
  title={Stochastic simulation: Algorithms and analysis},
  author={Asmussen, S. and Glynn, P. W.},
  volume={57},
  year={2007},
  publisher={Springer-Verlag New York}
}

@article{Marsaglia:1984,
author = {Marsaglia, George},
title = {The Exact-Approximation Method for Generating Random Variables in a Computer},
journal = {Journal of the American Statistical Association},
volume = {79},
number = {385},
pages = {218-221},
year = {1984},
doi = {10.1080/01621459.1984.10477088},
URL = {http://www.tandfonline.com/doi/abs/10.1080/01621459.1984.10477088},
eprint = {http://www.tandfonline.com/doi/pdf/10.1080/01621459.1984.10477088}
}

@article{frei2012bridging,
  title={Bridging the ensemble Kalman and particle filter},
  author={Frei, Marco and K{\"u}nsch, Hans R},
  journal={arXiv preprint arXiv:1208.0463},
  year={2012}
}

@article{moller2006efficient,
  title={An efficient Markov chain Monte Carlo method for distributions with intractable normalising constants},
  author={M{\o}ller, Jesper and Pettitt, Anthony N and Reeves, R and Berthelsen, Kasper Klitgaard},
  journal={Biometrika},
  volume={93},
  number={2},
  pages={451--458},
  year={2006},
  publisher={Biometrika Trust}
}

@inproceedings{delmodoucetjasra2007sequential,
  title={Sequential monte carlo for bayesian computation},
  author={Del Moral, Pierre and Doucet, Arnaud and Jasra, Ajay},
  booktitle={Bayesian statistics 8: proceedings of the eighth Valencia International Meeting, June 2-6, 2006},
  volume={8},
  pages={115},
  year={2007},
  organization={Oxford University Press, USA},
  editor = "J.M Bernardo and M.J. Bayarri and J.O. Degroot and A.P. Dawid and D. Heckerman and A.M. Smith and M. West"
}

@article{kuti1982stochastic,
  title={Stochastic method for the numerical study of lattice fermions},
  author={Kuti, J.},
  journal={Physical Review Letters},
  volume={49},
  number={3},
  pages={183},
  year={1982},
  publisher={APS}
}

@article{kennedy:kuti:1985,
  title = {Noise without Noise: A New Monte Carlo Method},
  author = {Kennedy, A. D. and Kuti, J.},
  journal = {Phys. Rev. Lett.},
  volume = {54},
  issue = {23},
  pages = {2473--2476},
  year = {1985},
  doi = {10.1103/PhysRevLett.54.2473},
  url = {http://link.aps.org/doi/10.1103/PhysRevLett.54.2473},
  publisher = {American Physical Society}
}

@article{walker2011posterior,
  title={Posterior sampling when the normalizing constant is unknown},
  author={Walker, Stephen G},
  journal={Communications in Statistics-Simulation and Computation},
  volume={40},
  number={5},
  pages={784--792},
  year={2011},
  publisher={Taylor \& Francis}
}

@book{estep2002practical,
  title={Practical analysis in one variable},
  author={Estep, Donald},
  year={2002},
  publisher={Springer-Verlag New York}
}

@TechReport{Rhee:Glynn:2013,
 author = {Rhee, C. and Glynn, P. W.},
 title = {{U}nbiased {E}stimation with {S}quare {R}oot {C}onvergence for {S}{D}{E} {M}odels},
 year = {2013},
 institution = {Stanford University}
} 

@article{raftery2012fast,
  title={Fast inference for the latent space network model using a case-control approximate likelihood},
  author={Raftery, Adrian E and Niu, Xiaoyue and Hoff, Peter D and Yeung, Ka Yee},
  journal={Journal of Computational and Graphical Statistics},
  volume={21},
  number={4},
  pages={901--919},
  year={2012},
  publisher={Taylor \& Francis}
}
@inproceedings{bardenet2014,
  title={Towards scaling up Markov chain Monte Carlo: an adaptive subsampling approach},
  author={Bardenet, R{\'e}mi and Doucet, Arnaud and Holmes, Chris},
  booktitle={Proceedings of The 31st International Conference on Machine Learning},
  pages={405--413},
  year={2014}
}

@article{lindsten2014uniform,
  title={Uniform ergodicity of the Particle {G}ibbs sampler},
  author={Lindsten, F. and Douc, R. and Moulines, E.},
  journal={arXiv preprint arXiv:1401.0683},
  year={2014}
}

@article{LindstenDM:2015,
  author={Lindsten, F. and Douc, R. and Moulines, E.},
	Journal = {Scandinavian Journal of Statistics},
	Month = {June},
	Pages = {775--797},
	Title = {Uniform ergodicity of the particle {G}ibbs sampler},
	Volume = {42},
	Year = {2015}}


@article{LindstenJS:2014,
	Author = {Lindsten, F. and Jordan, M. I. and Sch\"{o}n, T. B.},
	Journal = {Journal of Machine Learning Research (JMLR)},
	Month = {June},
	Pages = {2145--2184},
	Title = {Particle {G}ibbs with ancestor sampling},
	Volume = {15},
	Year = {2014}}

@inproceedings{lindsten2012ancestor,
  title={Ancestor sampling for particle {G}ibbs},
  author={Lindsten, Fredrik and Sch{\"o}n, Thomas B and Jordan, Michael I},
  booktitle={Advances in Neural Information Processing Systems},
  pages={2591--2599},
  year={2012}
}

@article{ChopinS:2015,
	Author = {Chopin, N. and Singh, S. S.},
	Journal = {Bernoulli},
	Pages = {1855--1883},
	Title = {On particle {G}ibbs sampling},
	Volume = {21},
	Number = {3},
	Year = {2015}}


@article{berger2009formal,
  title={The formal definition of reference priors},
  author={Berger, James O and Bernardo, Jos{\'e} M and Sun, Dongchu},
  journal={The Annals of Statistics},
  pages={905--938},
  year={2009},
  publisher={JSTOR}
}

@inproceedings{welling2011bayesian,
  title={Bayesian learning via stochastic gradient Langevin dynamics},
  author={Welling, Max and Teh, Yee W},
  booktitle={Proceedings of the 28th International Conference on Machine Learning (ICML-11)},
  pages={681--688},
  year={2011}
}

@article{kleiner2011scalable,
  title={A scalable bootstrap for massive data},
  author={Kleiner, Ariel and Talwalkar, Ameet and Sarkar, Purnamrita and Jordan, Michael I},
  journal={arXiv preprint arXiv:1112.5016},
  year={2011}
}

@article{liu1998sequential,
  title={Sequential Monte Carlo methods for dynamic systems},
  author={Liu, Jun S and Chen, Rong},
  journal={Journal of the American statistical association},
  volume={93},
  number={443},
  pages={1032--1044},
  year={1998},
  publisher={Taylor \& Francis Group}
}

@PhDThesis{rhee:phd,
    author = "Rhee, C.",
    title = "Unbiased Estimation with Biased Samplers",
    school = "Stanford University",
    year = "2013",
    url = "http://purl.stanford.edu/nf154yt1415"
}

@article{chen2014stochastic,
  title={Stochastic Gradient Hamiltonian Monte Carlo},
  author={Chen, Tianqi and Fox, Emily B and Guestrin, Carlos},
  journal={arXiv preprint arXiv:1402.4102},
  year={2014}
}

@article{maclaurin2014firefly,
  title={Firefly Monte Carlo: Exact MCMC with Subsets of Data},
  author={Maclaurin, Dougal and Adams, Ryan P},
  journal={arXiv preprint arXiv:1403.5693},
  year={2014}
}

@inproceedings{ahn2012bayesian,
  title={Bayesian posterior sampling via stochastic gradient Fisher scoring},
  author={Ahn, Sungjin and Korattikara, Anoop and Welling, Max},
  booktitle={Proceedings of the 29th International Conference on Machine Learning (ICML-12)},
  year={2012}
}

@article{diaconis1999iterated,
  title={Iterated random functions},
  author={Diaconis, Persi and Freedman, David},
  journal={SIAM review},
  volume={41},
  number={1},
  pages={45--76},
  year={1999},
  publisher={SIAM}
}

@Book{ douc:moulines:2014,
    author = "Douc, Randal and Moulines, Eric and Stoffer, David  ",
    title = "Nonlinear Time Series: Theory, Methods and Applications with R Examples",
    year = 2014,
    publisher = chapman
}
@book{kifer1986ergodic,
  title={Ergodic theory of random transformations},
  author={Kifer, Yuri},
  year={1986},
  publisher={Springer-Verlag New York}
}

@article{malik2011particle,
  title={Particle filters for continuous likelihood evaluation and maximisation},
  author={Malik, S. and Pitt, M. K.},
  journal={Journal of Econometrics},
  volume={165},
  number={2},
  pages={190--209},
  year={2011},
  publisher={Elsevier}
}

@article{deligiannidis2015correlated,
  title={The Correlated Pseudo-Marginal Method},
  author={Deligiannidis, G. and Doucet, A. and Pitt, M. K.},
  journal={arXiv preprint arXiv:1511.04992},
  year={2015}
}


@article{BouchardCSJ:2012,
	Author = {Bouchard-C\^ot\'e, A. and Sankararaman, S. and Jordan, M. I.},
	Journal = {Systematic Biology},
	Number = {4},
	Pages = {579--593},
	Title = {Phylogenetic inference via sequential {M}onte {C}arlo},
	Volume = {61},
	Year = {2012}}

@inproceedings{NaessethLS:2014,
	Address = {Montreal, Quebec, Canada},
	Author = {Naesseth, C. A. and Lindsten, F. and Sch\"{o}n, T. B.},
	Booktitle = {Advances in Neural Information Processing Systems (NIPS) 27},
	Month = {December},
	Title = {Sequential {M}onte {C}arlo for graphical models},
	Year = {2014}}

@inproceedings{pele2009fast,
  title={Fast and robust earth mover's distances},
  author={Pele, O. and Werman, M.},
  booktitle={Proceedings of the 12th IEEE international conference on computer vision ({ICCV})},
  pages={460--467},
  year={2009},
}

@inproceedings{cuturi2013sinkhorn,
  title={Sinkhorn distances: lightspeed computation of optimal transport},
  author={Cuturi, M.},
  booktitle={Advances in Neural Information Processing Systems (NIPS)},
  pages={2292--2300},
  year={2013}
}

@inproceedings{CuturiDoucet,
  title={Fast Computation of {W}asserstein Barycenters},
  author={Cuturi, M. and Doucet, A.},
  booktitle={Proceedings of the 31st International Conference on Machine Learning (ICML)},
  pages={685--693},
  year={2014}
}

@article{benamou2014iterative,
author = {J.-D. Benamou and G. Carlier and M. Cuturi and L. Nenna and G. Peyr\'e},
title = {Iterative {B}regman Projections for Regularized Transportation Problems},
journal = {SIAM Journal on Scientific Computing},
volume = {37},
number = {2},
pages = {A1111-A1138},
year = {2015}
}


@article{guarniero2015iterated,
  title={The iterated auxiliary particle filter},
  author={Guarniero, P. and Johansen, A. M. and Lee, A.},
  journal={arXiv preprint arXiv:1511.06286},
  year={2015}
}


@article{ionides2015inference,
  title={Inference for dynamic and latent variable models via iterated, perturbed {B}ayes maps},
  author={Ionides, E. L. and Nguyen, D. and Atchad{\'e}, Y. and Stoev, S. and King, A. A.},
  journal={Proceedings of the National Academy of Sciences},
  volume={112},
  number={3},
  pages={719--724},
  year={2015},
  publisher={National Acad Sciences}
}

@article{ionides2006inference,
  title={Inference for nonlinear dynamical systems},
  author={Ionides, E. L. and Bret{\'o}, C. and King, A. A.},
  journal={Proceedings of the National Academy of Sciences},
  volume={103},
  number={49},
  pages={18438--18443},
  year={2006},
  publisher={National Acad Sciences}
}
@article{poyiadjis2011particle,
  title={Particle approximations of the score and observed information matrix in state space models with application to parameter estimation},
  author={Poyiadjis, G. and Doucet, A. and Singh, S. S.},
  journal={Biometrika},
  volume={98},
  number={1},
  pages={65--80},
  year={2011},
  publisher={Biometrika Trust}
}

@inproceedings{poyiadjis2005maximum,
  title={Maximum likelihood parameter estimation in general state-space models using particle methods},
  author={Poyiadjis, G. and Doucet, A. and Singh, S. S.},
  booktitle={Proc of the American Stat. Assoc},
  year={2005}
}

@article{jones2010bayesian,
  title={A {B}ayesian approach to state and parameter estimation in a Phytoplankton-Zooplankton model},
  author={Jones, E.M. and Parslow, J. and Murray, L.M.},
  journal={Australian Meteorological and Oceanographic Journal},
  volume={59},
  pages={7--16},
  year={2010}
}

@article{jacob2015nonnegative,
  title={On nonnegative unbiased estimators},
  author={Jacob, P. E. and Thiery, A. H.},
  journal={The Annals of Statistics},
  volume={43},
  number={2},
  pages={769--784},
  year={2015},
  publisher={Institute of Mathematical Statistics}
}

@article{GongFlegal,
    title = {A practical sequential stopping rule for high-dimensional {M}arkov chain {M}onte {C}arlo},
    author = {Gong, L. and Flegal, J.M.},
    year = {2015},
    journal = {Journal of Computational and Graphical Statistics}
}

@article{gerber2015sequential,
  title={Sequential quasi-{M}onte {C}arlo},
  author={Gerber, M. and Chopin, N.},
  journal={Journal of the Royal Statistical Society: Series B},
  volume={77},
  number={3},
  pages={509--579},
  year={2015},
  publisher={Wiley Online Library}
}

@inproceedings{RubnerTG:1998,
	Address = {Bombay, India},
	Author = {Rubner, Y. and Tomasi, C. and Guibas, L. J.},
	Booktitle = {Sixth International Conference on Computer Vision ({ICCV})},
	Month = {January},
	Title = {A metric for distributions with applications to image databases},
	Year = {1998}
}

@article{murray2015parallel,
author = {Lawrence M. Murray and Anthony Lee and Pierre E. Jacob},
title = {Parallel Resampling in the Particle Filter},
journal = {Journal of Computational and Graphical Statistics},
volume = {25},
number = {3},
pages = {789-805},
year = {2016},
doi = {10.1080/10618600.2015.1062015},

URL = { 
        http://dx.doi.org/10.1080/10618600.2015.1062015
    
},
eprint = { 
        http://dx.doi.org/10.1080/10618600.2015.1062015
    
}

}


@inproceedings{douc2005comparison,
  title={Comparison of resampling schemes for particle filtering},
  author={Douc, R. and Capp{\'e}, O.},
  booktitle={Proceedings of the 4th International Symposium on Image and Signal Processing and Analysis (ISPA)},
  pages={64--69},
  year={2005}
}

@article{andrieu2015convergence,
  title={Convergence properties of pseudo-marginal {M}arkov chain {M}onte {C}arlo algorithms},
  author={Andrieu, C. and Vihola, M.},
  journal={The Annals of Applied Probability},
  volume={25},
  number={2},
  pages={1030--1077},
  year={2015},
  publisher={Institute of Mathematical Statistics}
}

@article{dahlin2015accelerating,
  title={Accelerating pseudo-marginal {M}etropolis--{H}astings by correlating auxiliary variables},
  author={Dahlin, J. and Lindsten, F. and Kronander, J. and Sch{\"o}n, T. B.},
  journal={arXiv preprint arXiv:1511.05483},
  year={2015}
}

@article{andrieuvihola2013uniform,
  title={Uniform ergodicity of the iterated conditional {SMC} and geometric ergodicity of particle {G}ibbs samplers},
  author={Andrieu, C. and Lee, A. and Vihola, M.},
  journal={arXiv preprint arXiv:1312.6432},
  year={2013}
}

@article{vihola2015unbiased,
  title={Unbiased estimators and multilevel {M}onte {C}arlo},
  author={Vihola, M.},
  journal={arXiv preprint arXiv:1512.01022},
  year={2015}
}

@MastersThesis{lee2008towards,
  title={Towards smooth particle filters for likelihood estimation with multivariate latent variables},
  author={Lee, A.},
  year={2008},
  school= {University of British Columbia}
}

@ARTICLE{leedoucetperfectsimulation,
   author = {{Lee}, A. and {Doucet}, A. and {{\L}atuszy{\'n}ski}, K.},
    title = "{Perfect simulation using atomic regeneration with application to sequential Monte Carlo}",
  journal = {ArXiv e-prints},
archivePrefix = "arXiv",
   eprint = {1407.5770},
 primaryClass = "stat.CO",
 keywords = {Statistics - Computation},
     year = 2014,
    month = jul,
   adsurl = {http://adsabs.harvard.edu/abs/2014arXiv1407.5770L},
  adsnote = {Provided by the SAO/NASA Astrophysics Data System}
}

@article{jacob2015path,
    title={Path storage in the particle filter},
    author={Jacob, P. E. and Murray, L. M. and Rubenthaler, S.},
    journal={Statistics and Computing},
    volume={25},
    number={2},
    pages={487--496},
    year={2015},
    publisher={Springer}
}

@book{williams1991probability,
  title={Probability with martingales},
  author={Williams, David},
  year={1991},
  publisher={Cambridge university press}
}

@article{glynn1992asymptotic,
  title={The asymptotic efficiency of simulation estimators},
  author={Glynn, Peter W and Whitt, Ward},
  journal={Operations Research},
  volume={40},
  number={3},
  pages={505--520},
  year={1992},
  publisher={INFORMS}
}

@book{dudley2002real,
  title={Real analysis and probability},
  author={Dudley, Richard M},
  volume={74},
  year={2002},
  publisher={Cambridge University Press}
}

@article{kantas2015particle,
  title={On particle methods for parameter estimation in state-space models},
  author={Kantas, N. and Doucet, A. and Singh, S. S. and Maciejowski, J. and Chopin, N.},
  journal={Statistical science},
  volume={30},
  number={3},
  pages={328--351},
  year={2015},
  publisher={Institute of Mathematical Statistics}
}

@article{lee2015forest,
  title={Forest resampling for distributed sequential {M}onte {C}arlo},
  author={Lee, Anthony and Whiteley, Nick},
  journal={Statistical Analysis and Data Mining: The ASA Data Science Journal},
  year={2015},
  publisher={Wiley Online Library}
}

@article{flegal2008markov,
  title={Markov chain {M}onte {C}arlo: can we trust the third significant figure?},
  author={Flegal, James M and Haran, Murali and Jones, Galin L},
  journal={Statistical Science},
  volume={23},
  number={2},
  pages={250--260},
  year={2008},
  publisher={Institute of Mathematical Statistics}
}

@article{lee2015variance,
  title={Variance estimation and allocation in the particle filter},
  author={Lee, Anthony and Whiteley, Nick},
  journal={arXiv preprint arXiv:1509.00394},
  year={2015}
}

@article{asai2006multivariate,
  title={Multivariate stochastic volatility: a review},
  author={Asai, Manabu and McAleer, Michael and Yu, Jun},
  journal={Econometric Reviews},
  volume={25},
  number={2-3},
  pages={145--175},
  year={2006},
  publisher={Taylor \& Francis}
}

@article{kahn1953methods,
  title={Methods of reducing sample size in {M}onte {C}arlo computations},
  author={Kahn, Herman and Marshall, Andy W},
  journal={Journal of the Operations Research Society of America},
  volume={1},
  number={5},
  pages={263--278},
  year={1953},
  publisher={INFORMS}
}

@article{glasserman1992some,
  title={Some guidelines and guarantees for common random numbers},
  author={Glasserman, Paul and Yao, David D},
  journal={Management Science},
  volume={38},
  number={6},
  pages={884--908},
  year={1992},
  publisher={INFORMS}
}

@article{doucet2015efficient,
  title={Efficient implementation of {M}arkov chain {M}onte {C}arlo when using an unbiased likelihood estimator},
  author={Doucet, A. and Pitt, M.K. and Deligiannidis, G. and Kohn, R.},
  journal={Biometrika},
  volume={102},
  number={2},
  pages={295--313},
  year={2015},
  publisher={Biometrika Trust}
}

@article{pitt2002smooth,
  title={Smooth particle filters for likelihood evaluation and maximisation},
  author={Pitt, M. K.},
  year={2002},
  journal={Technical report, University of Warwick, Department of Economics},
  publisher={University of Warwick, Department of Economics}
}

@article{dejong2007efficient,
  title={An efficient approach to analyzing state-space representations},
  author={DeJong, David N and Dharmarajan, Hariharan and Liesenfeld, Roman and Richard, Jean-Francois},
  journal={SSRN eLibrary},
  year={2007}
}

@inproceedings{coquelin2009sensitivity,
  title={Sensitivity analysis in {HMM}s with application to likelihood maximization},
  author={Coquelin, Pierre-Arnaud and Deguest, Romain and Munos, R{\'e}mi},
  booktitle={Advances in Neural Information Processing Systems ({NIPS})},
  pages={387--395},
  year={2009}
}

@article{berard2014lognormal,
  title={A lognormal central limit theorem for particle approximations of normalizing constants},
  author={B{\'e}rard, Jean and Del Moral, Pierre and Doucet, Arnaud},
  journal={Electron. J. Probab},
  volume={19},
  number={94},
  pages={1--28},
  year={2014}
}

@article{jasra2015multilevel,
  title={Multilevel particle filter},
  author={Jasra, Ajay and Kamatani, Kengo and Law, Kody JH and Zhou, Yan},
  journal={arXiv preprint arXiv:1510.04977},
  year={2015}
}

@book{lindvall2002lectures,
  title={Lectures on the coupling method},
  author={Lindvall, Torgny},
  year={2002},
  publisher={Courier Corporation}
}

@book{ cgal:eb-16a
, title        = "{\texttt{CGAL}}: User and Reference Manual"
, author      = "{The CGAL Project}"
, publisher     = "{CGAL Editorial Board}"
, edition     = "{4.8}"
, year         = 2016
, url =    "http://doc.cgal.org/4.8/Manual/packages.html"
}

@article{breto2009time,
  title={Time series analysis via mechanistic models},
  author={Bret{\'o}, Carles and He, Daihai and Ionides, Edward L and King, Aaron A},
  journal={The Annals of Applied Statistics},
  pages={319--348},
  year={2009},
  publisher={JSTOR}
}

@article{jacob2015sequential,
  title={Sequential {B}ayesian inference for implicit hidden {M}arkov models and current limitations},
  author={Jacob, Pierre E},
  journal={ESAIM: Proceedings and Surveys},
  volume={51},
  pages={24--48},
  year={2015},
  publisher={EDP Sciences}
}

@article{ahnert2011odeint,
  title={Odeint - solving ordinary differential equations in {C}++},
  author={Ahnert, Karsten and Mulansky, Mario},
  journal={arXiv preprint arXiv:1110.3397},
  year={2011}
}

@inproceedings{jun2012entangled,
  title={Entangled {M}onte {C}arlo},
  author={Jun, Seong-Hwan and Wang, Liangliang and Bouchard-C{\^o}t{\'e}, Alexandre},
  booktitle={Advances in Neural Information Processing Systems ({NIPS})},
  pages={2726--2734},
  year={2012}
}

@article{ruiz2016particle,
  title={Particle Smoothing for Hidden Diffusion Processes: Adaptive Path Integral Smoother},
  author={Ruiz, H-Ch and Kappen, HJ},
  journal={arXiv preprint arXiv:1605.00278},
  year={2016}
}
@article{peskun1973optimum,
  title={Optimum monte-carlo sampling using markov chains},
  author={Peskun, Peter H},
  journal={Biometrika},
  volume={60},
  number={3},
  pages={607--612},
  year={1973},
  publisher={Biometrika Trust}
}

@article{del2015sequential,
  title={Sequential Monte Carlo with highly informative observations},
  author={Del Moral, Pierre and Murray, Lawrence M},
  journal={SIAM/ASA Journal on Uncertainty Quantification},
  volume={3},
  number={1},
  pages={969--997},
  year={2015},
  publisher={SIAM}
}

@article{LindstenS:2013,
	Author = {Lindsten, F. and Sch\"{o}n, T. B.},
	Journal = {Foundations and {T}rends in {M}achine {L}earning},
	Number = {1},
	Pages = {1--143},
	Title = {Backward simulation methods for {M}onte {C}arlo statistical inference},
	Volume = {6},
	Year = {2013}}

@inproceedings{aude2016stochastic,
  title={Stochastic Optimization for Large-scale Optimal Transport},
  author={Genevay, A. and Cuturi, M. and Peyr{\'e}, G. and Bach, F.},
  booktitle={Advances in Neural Information Processing Systems (NIPS)},
  pages = {3432--3440},
  year={2016}
}

@article{sen2016coupling,
  title={On Coupling Particle Filter Trajectories},
  author={Sen, Deborshee and Thiery, Alexandre and Jasra, Ajay},
  journal={arXiv preprint arXiv:1606.01016},
  year={2016}
}

@inproceedings{zuluaga2015parzen,
  title={A {P}arzen-based distance between probability measures as an alternative of summary statistics in Approximate {B}ayesian Computation},
  author={Zuluaga, Carlos D and Valencia, Edgar A and {\'A}lvarez, Mauricio A and Orozco, {\'A}lvaro A},
  booktitle={International Conference on Image Analysis and Processing},
  pages={50--61},
  year={2015},
  organization={Springer}
}

@article{bassetti2006minimum,
  title={On minimum {K}antorovich distance estimators},
  author={Bassetti, Federico and Bodini, Antonella and Regazzini, Eugenio},
  journal={Statistics \& probability letters},
  volume={76},
  number={12},
  pages={1298--1302},
  year={2006},
  publisher={Elsevier}
}

@article{del1999central,
  title={Central limit theorems for the {W}asserstein distance between the empirical and the true distributions},
  author={del Barrio, Eustasio and Gin{\'e}, Evarist and Matr{\'a}n, Carlos},
  journal={Annals of Probability},
  pages={1009--1071},
  year={1999},
  publisher={JSTOR}
}

@article{rubio2012maximum,
  title={A Simple Approach to Maximum Intractable Likelihood Estimation},
  author={Rubio, F. J. and Johansen, A. M.},
  journal = {Electronic Journal of Statistics},
  year={2013},
  volume = {7},
  pages = {1632--1654}
}

@book{basu2011statistical,
  title={Statistical inference: the minimum distance approach},
  author={Basu, Ayanendranath and Shioya, Hiroyuki and Park, Chanseok},
  year={2011},
  publisher={CRC Press}
}


@book{ambrosio2005,
  title={Gradient Flows in Metric Spaces and in the Space of Probability Measures},
  author={Ambrosio, Luigi and Gigli, Nicola and Savar\'e, Guiseppe},
  year={2005},
  publisher={Birkh{\"a}user Verlag AG, Basel},
  edition = "second"
}

@article{kantorovich1958,
  title={On the space of totally additive functions},
  author={Kantorovich, L. V. and Rubinstein, G. S.},
  journal={Vestnik Leningrad. Univ.},
  year={1958},
  volume={13},
  number={7},
  pages={52--59}
}

@book{pflug_pichler2014,
  title={Multistage Stochastic Optimization},
  author={Pflug, Georg C. and Pichler, Alois},
  year={2014},
  publisher={Springer}
}

@article{fournier_guillin2015,
  title={On the rate of convergence in {W}asserstein distance of the empirical measure},
  author={Fournier, N. and Guillin, A.},
  journal={Probability Theory and Related Fields},
  year={2015},
  volume={162},
  pages={707--738},
  publisher={Springer}
}

@book{villani2008,
  title = {Optimal transport, old and new},
  author = {Villani, C\'edric},
  year = {2008},
  publisher={Springer-Verlag New York}
}

@article{orlin1993,
  title={A faster strongly polynomial minimum cost flow algorithm},
  author = {Orlin, J.},
  journal={Operations Research},
  year={1993},
  volume={41},
  number={2},
  pages={338--350}
}

@article{sinkhorn1967,
  title = {Diagonal equivalence to matrices with prescribed row and column sums},
  author = {Sinkhorn, R.},
  journal = {The American Mathematical Monthly},
  year={1967},
  volume={74},
  number={4},
  pages={402--405}
}

@article{wolfowitz1957,
  title={The minimum distance method},
  author={Wolfowitz, J.},
  journal={The Annals of Mathematical Statistics},
  year={1957},
  volume={28},
  number={1},
  pages={75-88}
}

@article{durbin1973,
  title={Weak convergence of the sample distribution function when parameters are estimated},
  author={Durbin, J.},
  journal={Annals of Statistics},
  year={1973},
  volume={1},
  pages={279--290}
}

@inproceedings{neuhaus1973,
  title={Asymptotic properties of the {C}ram\'er-von {M}ises statistic when parameters are estimated},
  author={Neuhaus, G.},
  booktitle={Proceedings of the Prague Symposium on Asymptotic Statistics},
  editor={H\'ajek, J.},
  year={1973},
  pages={257--297}
}

@article{bolthausen1977,
  title={Convergence in distribution of minimum distance estimators},
  author={Bolthausen, E.},
  journal={Metrika},
  year={1977},
  volume={24},
  pages={215--227}
}

@article{pollard1980,
  title = {The minimum distance method of testing},
  author = {Pollard, D.},
  journal={Metrika},
  year={1980},
  volume={27},
  pages={43--70}
}

@article{cheney1969,
  title = {The Existence and Unicity of Best Approximations},
  author = {Cheney, E. W. and Wulbert, D. E.},
  journal = {Mathematica Scandinavica},
  year = {1969},
  volume = {24},
  pages={113--140}
}

@article{bassetti_regazzini2006,
  title ={Asymptotic properties and robustness of minimum dissimilarity estimators of location-scale parameters},
  author = {Bassetti, F. and Regazzini, E.},
  journal={Theory of Probability and its Applications},
  year={2006},
  volume={50},
  number={2},
  pages={171--186}
}

@book{pflug1996,
  title = {Optimization of Stochastic Models},
  author = {Pflug, G.},
  year = {1996},
  publisher = {Springer}
}

@article{pflug1988,
  title = {Derivatives of probability measures - Concepts and applications to the optimization},
  author = {Pflug, G.},
  journal = {Lecture Notes in Control and Information},
  year = {1988},
  volume = {103},
  pages = {252--274},
  publisher = {Springer}
}

@article{mainini2011,
  title = {A description of transport cost for signed measures},
  author = {Mainini, E.},
  journal = {Journal of Mathematical Sciences},
  year = {2012},
  volume = {181},
  number= {6},
  pages = {837--855}
}

@article{frazier2016,
  title={Asymptotic Properties of Approximate {B}ayesian Computation},
  author={Frazier, D. T. and Martin, G. M. and Robert, C. P. and Rousseau, J.},
  journal={arXiv preprint arXiv:1607.06903},
  year={2016}
}

@article{varadarajan1958,
  title = {On the convergence of sample probability distributions},
  author = {Varadarajan, V. S.},
  journal = {Sankhy\=a: The Indian Journal of Statistics},
  year = {1958},
  volume = {19},
  number = {1},
  pages = {23-26}
}

@article{boissard2011,
  title = {Simple bounds for convergence of empirical and occupation measures in 1- {W}asserstein distance},
  author = {Boissard, E.},
  journal = {Electronic Journal of Probability},
  year = {2011},
  volume = {16},
  number = {83},
  pages = {2296--2333}
}

@article{del1999gof,
  title = {Tests of goodness of fit based on the $L_2$-{W}asserstein distance},
  author = {del Barrio, E. and Cuesta-Albertos, J. A. and Matr\'an, C. and Rodriguez-Rodriguez, J. M.},
  journal = {Annals of Statistics},
  year = {1999},
  volume = {27},
  number = {4},
  pages = {1230--1239}
}

@inproceedings{takens1981,
  title = {Detecting strange attractors in turbulence},
  author = {Takens, F.},
  booktitle = {Dynamical Systems and Turbulence, Lecture Notes in Mathematics},
  year = {1981},
  volume = {898},
  publisher = {Springer},
  editor = {Rand, D. A. and Young, L. -S.},
  pages={230--242}
}

@article{stark2003,
  title = {Delay embeddings for forced system: {II}. {S}tochastic forcing},
  author = {Stark, J. and Broomhead, D. S. and Davies, M. E. and Huke, J.},
  journal = {Journal of Nonlinear Science},
  year = {2003},
  volume = {13},
  number = {6},
  pages = {519--577}
}

@book{kantz_schreiber1997,
  title = {Nonlinear time series analysis},
  author = {Kantz, H. and Schreiber, T.},
  year = {1997},
  publisher= {Cambridge University Press}
}

@article{lasota_mackey1989,
  title = {Stochastic perturbation of dynamical systems: The weak convergence of measures},
  author = {Lasota, A. and Mackey, M. C.},
  journal = {Journal of Mathematical Analysis and Applications},
  year = {1989},
  volume = {138},
  pages = {232--248}
}

@inproceedings{gacki2009,
  title = {Applications of the {K}antorovich-{R}ubinstein maximum principle in the theory of {M}arkov operators},
  author = {Gacki, H.},
  booktitle = {12th International Workshop for Young Mathematicians},
  year = {2009},
  pages = {43--51} 
}

@article{muskulus2011,
  title = {Wasserstein distances in the analysis of time series and dynamical systems},
  author = {Muskulus, M. and Verduyn-Lunel, S.},
  journal = {Physica D},
  year = {2011},
  volume = {240},
  pages = {45--58}
}

@article{moeckel1997,
  title = {Measuring the distance between time series},
  author = {Moeckel, R. and Murray, B.},
  journal = {Physica D},
  year = {1997},
  volume = {102},
  pages = {187--194}
}

@article{dede2009,
  title = {An empirical Central Limit Theorem in $L^1$ for stationary sequences},
  author = {Dede, S.},
  journal = {Stochastic Processes and their Applications},
  year = {2009},
  volume = {119},
  pages = {3494 -- 3515}
}

@article{hansen1991,
  title = {Strong laws for dependent heterogeneous processes},
  author = {Hansen, B. E.},
  journal = {Econometric Theory},
  year = {1991},
  volume = {7},
  number = {2},
  pages = {213 -- 221},
}

@article{hansen1982large,
  title={Large sample properties of generalized method of moments estimators},
  author={Hansen, Lars Peter},
  journal={Econometrica: Journal of the Econometric Society},
  pages={1029--1054},
  year={1982},
  publisher={JSTOR}
}

@article{varadarajan1958weak,
  title = {Weak convergence of measures in separable metric spaces},
  author = {Varadarajan, V. S.},
  journal = {Sankhy\=a: The Indian Journal of Statistics},
  year = {1958},
  volume = {19},
  number = {1},
  pages = {15-22}
}


@article{cavalletti2015,
  title = {Existence and uniqueness of optimal transport maps},
  author = {Cavalletti, F. and Huesmann, M.},
  journal = {Annales de l'Institut Henri Poincare (C) Non Linear Analysis},
  year = {2015},
  volume = {32},
  number = {6},
  pages = {1367--1377}
}

@book{monge1781,
  title = {M\'emoire sur la th\'eorie des d'eblais et des remblais},
  author = {Monge, G.},
  publisher = {De l'Imprimerie Royale},
  year = {1781},
}

@article{brown1973,
  title = {Measurable Selections of Extrema},
  author = {Brown, L. D. and Purves, R.},
  journal = {Annals of Statistics},
  year = {1973},
  volume = {1},
  number ={5},
  pages = {902--912}
}

@book{kechris1995,
  title = {Classical Descriptive Set Theory},
  author = {Kechris, A. S.},
  year = {1995},
  publisher = {Springer}
}

@article{kantorovich1942,
  title = {On the translocation of masses},
  author = {Kantorovich, L. V.},
  journal = {Dokl. Akad. Nauk SSSR},
  year = {1942},
  volume = {37},
  number = {7-8},
  pages = {227--229}
}

@article{kantorovich2006,
  title = {On the translocation of masses},
  author = {Kantorovich, L. V.},
  journal = {Journal of Mathematical Science},
  year = {2006},
  volume = {133},
  number = {4},
  pages = {1381--1382}
}

@book{wellner1996,
  title = {Weak Convergence and Empirical Processes},
  author = {Wellner, J. A. and van der Vaart, A. W.},
  year = {1996},
  publisher={Springer-Verlag New York}
}

@article{lecam1970,
  title = {On the assumptions used to prove asymptotic normality of maximum likelihood estimators},
  author = {Le Cam, L.},
  journal = {Annals of Mathematical Statistics},
  year = {1970},
  volume = {41},
  pages = {802--828}
}

@article{bickel1981,
  title = {Some asymptotic theory for the bootstrap},
  author = {Bickel, P. J. and Freedman, D. A.},
  journal = {Annals of Statistics},
  year = {1981},
  volume = {9},
  number = {6},
  pages = {1196--1217}
}

@book{lehmann2005,
  title = {Testing Statistical Hypotheses},
  author = {Lehmann, E. L. and Romano, J. P.},
  year = {2005},
  publisher = {Springer},
  edition = "Third"
}

@article{andrews1983,
  title = {First order autoregressive processes and strong mixing},
  author = {Andrews, D. W. K.},
  year = {1983},
  journal  = {Unpublished manuscript, Cowles Foundation discussion paper no. 664, Yale University}
}

@article{chanda1974,
  title = {Strong Mixing Properties of Linear Stochastic Processes},
  author = {Chanda, K. C.},
  journal = {Journal of Applied Probability},
  year = {1974},
  volume = {11},
  number = {2},
  pages = {401--408}
}

@article{gourieroux1993,
  title = {Indirect Inference},
  author = {Gouri\'eroux, C. and Monfort, A. and Renault, E.},
  journal = {Journal of Applied Econometrics},
  year = {1993},
  volume = {8},
  pages = {85--118}
}

@article{mcfadden1989,
  title = {A Method of Simulated Moments for Estimation of Discrete Response Models Without Numerical Integration},
  author = {McFadden, D.},
  journal = {Econometrica},
  year = {1989},
  volume = {57},
  number = {5},
  pages = {995--1026}
}

@article{diggle1984,
  title = {Monte {C}arlo methods of inference for implicit statistical models},
  author = {Diggle, P. J. and Gratton, R. J.},
  journal = {Journal of the Royal Statistical Society B},
  year = {1984},
  volume = {46},
  pages = {193--227}
}


@inproceedings{gibbs_ot2016,
  title={A Simulated Annealing Based Inexact Oracle for {W}asserstein Loss Minimization},
  author={Ye, Jianbo and Wang, James Z and Li, Jia},
  booktitle={Proceedings of the 34th International Conference on Machine Learning},
  volume={70},
  pages={3940--3948},
  year={2017},
  organization={PMLR}
}


@inproceedings{lee2012rhit,
  title = {On the choice of {MCMC} kernels for approximate {B}ayesian computation with {SMC} samplers},
  author = {Lee, A.},
  year = {2012},
  booktitle = {Proceedings of the 2012 Winter Simulation Conference},
  pages={304--315}
}

@inbook{berger1988likelihood,
    author = "Berger, James O. and Wolpert, Robert L.",
    booktitle = "The likelihood principle: a review, generalizations, and statistical implications",
    doi = "10.1214/lnms/1215466214",
    pages = "19--64",
    publisher = "Institute of Mathematical Statistics",
    series = "Lecture Notes--Monograph Series",
    title = "Chapter 3: The Likelihood Principle and Generalizations",
    url = "http://dx.doi.org/10.1214/lnms/1215466214",
    volume = "Volume 6",
    year = "1988"
}

@article{robert2011lack,
  title={Lack of confidence in approximate {B}ayesian computation model choice},
  author={Robert, Christian P and Cornuet, Jean-Marie and Marin, Jean-Michel and Pillai, Natesh S},
  journal={Proceedings of the National Academy of Sciences},
  volume={108},
  number={37},
  pages={15112--15117},
  year={2011},
  publisher={National Acad Sciences}
}

@article{miller2015robust,
  title={Robust {B}ayesian inference via coarsening},
  author={Miller, Jeffrey W and Dunson, David B},
  journal={arXiv preprint arXiv:1506.06101},
  year={2015}
}

@article{muller2013risk,
  title={Risk of {B}ayesian inference in misspecified models, and the sandwich covariance matrix},
  author={M{\"u}ller, Ulrich K},
  journal={Econometrica},
  volume={81},
  number={5},
  pages={1805--1849},
  year={2013},
  publisher={Wiley Online Library}
}

@article{atchade2015contraction,
  title={On the contraction properties of some high-dimensional quasi-posterior distributions},
  author={Atchad{\'e}, Yves F},
  journal={arXiv preprint arXiv:1508.07929},
  year={2015}
}

@inproceedings{grunwald2012safe,
  title={The safe {B}ayesian},
  author={Gr{\"u}nwald, Peter},
  booktitle={International Conference on Algorithmic Learning Theory},
  pages={169--183},
  year={2012},
  organization={Springer}
}

@inproceedings{park2015k2,
  title={{K2}-{ABC}: Approximate {B}ayesian Computation with Kernel Embeddings},
  author={Park, Mijung and Jitkrittum, Wittawat and Sejdinovic, Dino and Unit, Gatsby},
  booktitle={Proceedings of the 19th International Conference on Artificial Intelligence and Statistics (AISTATS)},
  pages={398-407},
  year={2016}
}

@article{mitrovic2016dr,
  title={{DR}-{ABC}: Approximate {B}ayesian Computation with Kernel-Based Distribution Regression},
  author={Mitrovic, Jovana and Sejdinovic, Dino and Teh, Yee Whye},
  journal={arXiv preprint arXiv:1602.04805},
  year={2016}
}

@article{zhang2006,
  title={From $\varepsilon$-entropy to {KL}-entropy: Analysis of minimum information complexity density estimation},
  author={Zhang, Tong and others},
  journal={The Annals of Statistics},
  volume={34},
  number={5},
  pages={2180--2210},
  year={2006},
  publisher={Institute of Mathematical Statistics}
}

@article{bissiri2016general,
  title={A general framework for updating belief distributions},
  author={Bissiri, PG and Holmes, CC and Walker, Stephen G},
  journal={Journal of the Royal Statistical Society: Series B},
  year={2016},
  publisher={Wiley Online Library}
}
@article{wood2010statistical,
  title={Statistical inference for noisy nonlinear ecological dynamic systems},
  author={Wood, Simon N},
  journal={Nature},
  volume={466},
  number={7310},
  pages={1102--1104},
  year={2010},
  publisher={Nature Publishing Group}
}
@article{pakes1989simulation,
  title={Simulation and the asymptotics of optimization estimators},
  author={Pakes, Ariel and Pollard, David},
  journal={Econometrica: Journal of the Econometric Society},
  pages={1027--1057},
  year={1989},
  publisher={JSTOR}
}

@article{heggland2004estimating,
  title={Estimating functions in indirect inference},
  author={Heggland, Knut and Frigessi, Arnoldo},
  journal={Journal of the Royal Statistical Society: Series B},
  volume={66},
  number={2},
  pages={447--462},
  year={2004},
  publisher={Wiley Online Library}
}

@book{sagan1994space,
  title={Space-filling curves},
  author={Sagan, Hans},
  year={1994},
  publisher={Springer-Verlag New York}
}

@book{owen2001empirical,
  title={Empirical likelihood},
  author={Owen, Art B},
  year={2001},
  publisher={CRC press}
}
@article{gini1914sulla,
  title={Sulla misura della concentrazione e della variabilit\'a dei caratteri. {A}tti {R}},
  author={Gini, C},
  journal={Ist. Veneto Sci. Lett. Arti LXXIII (II)},
  pages={1203--1248},
  year={1914}
}
@article{vaserstein1969markov,
  title={Markov processes over denumerable products of spaces, describing large systems of automata},
  author={Wasserstein, Leonid Nisonovich},
  journal={Problemy Peredachi Informatsii},
  volume={5},
  number={3},
  pages={64--72},
  year={1969},
  publisher={Russian Academy of Sciences, Branch of Informatics, Computer Equipment and Automatization}
}

@article{sauer1991embedology,
  title={Embedology},
  author={Sauer, Tim and Yorke, James A and Casdagli, Martin},
  journal={Journal of statistical Physics},
  volume={65},
  number={3-4},
  pages={579--616},
  year={1991},
  publisher={Springer}
}

@article{wilkinson2013approximate,
  title={Approximate {B}ayesian computation gives exact results under the assumption of model error},
  author={Wilkinson, Richard David},
  journal={Statistical applications in genetics and molecular biology},
  volume={12},
  number={2},
  pages={129--141},
  year={2013}
}

@article{forneron2015abc,
  title={The {ABC} of simulation estimation with auxiliary statistics},
  author={Forneron, Jean-Jacques and Ng, Serena},
  journal={arXiv preprint arXiv:1501.01265},
  year={2015}
}

@book{rockafellar2009variational,
  title={Variational analysis},
  author={Rockafellar, R Tyrrell and Wets, Roger J-B},
  volume={317},
  year={2009},
  publisher={Springer Science \& Business Media}
}


@article{marjoram2003markov,
  title={Markov chain {M}onte {C}arlo without likelihoods},
  author={Marjoram, Paul and Molitor, John and Plagnol, Vincent and Tavar{\'e}, Simon},
  journal={Proceedings of the National Academy of Sciences},
  volume={100},
  number={26},
  pages={15324--15328},
  year={2003},
  publisher={National Acad Sciences}
}

@article{del2012adaptive,
  title={An adaptive sequential {M}onte {C}arlo method for approximate {B}ayesian computation},
  author={Del Moral, Pierre and Doucet, Arnaud and Jasra, Ajay},
  journal={Statistics and Computing},
  volume={22},
  number={5},
  pages={1009--1020},
  year={2012},
  publisher={Springer}
}
@inproceedings{murray2015pseudo,
  title={Pseudo-marginal slice sampling},
  author={Murray, Iain and Graham, Matthew M},
  booktitle={Proceedings of the 19th International Conference on Artificial Intelligence and Statistics (AISTATS)},
  pages = {911--919},
  year={2016}
}

@inproceedings{murray2010elliptical,
  title={Elliptical slice sampling.},
  author={Murray, Iain and Adams, Ryan Prescott and MacKay, David JC},
  booktitle={AISTATS},
  volume={13},
  pages={541--548},
  year={2010}
}

@incollection{neath2013convergence,
  title={On convergence properties of the {M}onte {C}arlo {EM} algorithm},
  author={Neath, Ronald C and others},
  booktitle={Advances in Modern Statistical Theory and Applications: A Festschrift in Honor of Morris L. Eaton},
  pages={43--62},
  year={2013},
  publisher={Institute of Mathematical Statistics}
}

@article{karlsson2016generalized,
  title={Generalized {S}inkhorn iterations for regularizing inverse problems using optimal mass transport},
  author={Karlsson, Johan and Ringh, Axel},
  journal={arXiv preprint arXiv:1612.02273},
  year={2016}
}

@article{jacob2016coupling,
  title={Coupling of Particle Filters},
  author={Jacob, Pierre E and Lindsten, Fredrik and Sch{\"o}n, Thomas B},
  journal={arXiv preprint arXiv:1606.01156},
  year={2016}
}


@article{prangle2016rare,
    author="Prangle, Dennis
        and Everitt, Richard G.
        and Kypraios, Theodore",
    title="A rare event approach to high-dimensional approximate {B}ayesian computation",
    journal="Statistics and Computing",
    year="2017",
    month="Jul",
    day="11",
    issn="1573-1375",
    doi="10.1007/s11222-017-9764-4",
    url="https://doi.org/10.1007/s11222-017-9764-4"
}


@article{bonassi2011bayesian,
  title={Bayesian learning from marginal data in bionetwork models},
  author={Bonassi, Fernando V and You, Lingchong and West, Mike},
  journal={Statistical applications in genetics and molecular biology},
  volume={10},
  number={1},
  year={2011}
}

@article{bonassi2015sequential,
author = "Bonassi, Fernando V. and West, Mike",
doi = "10.1214/14-BA891",
fjournal = "Bayesian Analysis",
journal = "Bayesian Analysis",
month = "03",
number = "1",
pages = "171--187",
publisher = "International Society for Bayesian Analysis",
title = "Sequential {M}onte {C}arlo with Adaptive Weights for Approximate {B}ayesian Computation",
url = "http://dx.doi.org/10.1214/14-BA891",
volume = "10",
year = "2015"
}



@article{mengersen2013bayesian,
  title={Bayesian computation via empirical likelihood},
  author={Mengersen, Kerrie L and Pudlo, Pierre and Robert, Christian P},
  journal={Proceedings of the National Academy of Sciences},
  volume={110},
  number={4},
  pages={1321--1326},
  year={2013},
  publisher={National Acad Sciences}
}

@article{picchini2016likelihood,
  title={Likelihood-free stochastic approximation {EM} for inference in complex models},
  author={Picchini, Umberto},
  journal={arXiv preprint arXiv:1609.03508},
  year={2016}
}

@article{wei1990monte,
  title={A {M}onte {C}arlo implementation of the {EM} algorithm and the poor man's data augmentation algorithms},
  author={Wei, Greg CG and Tanner, Martin A},
  journal={Journal of the American Statistical Association},
  volume={85},
  number={411},
  pages={699--704},
  year={1990},
  publisher={Taylor \& Francis}
}

@article{lee2014variance,
  title={Variance bounding and geometric ergodicity of {M}arkov chain {M}onte {C}arlo kernels for approximate {B}ayesian computation},
  author={Lee, Anthony and {\L}atuszy{\'n}ski, Krzysztof},
  journal={Biometrika},
  volume={101},
  number={3},
  pages={655--671},
  year={2014},
  publisher={Biometrika Trust}
}

@article{parr1980minimum,
  title={Minimum distance and robust estimation},
  author={Parr, William C and Schucany, William R},
  journal={Journal of the American Statistical Association},
  volume={75},
  number={371},
  pages={616--624},
  year={1980},
  publisher={Taylor \& Francis Group}
}

@inproceedings{montavon2016wasserstein,
  title={Wasserstein training of restricted {B}oltzmann machines},
  author={Montavon, Gr{\'e}goire and M{\"u}ller, Klaus-Robert and Cuturi, Marco},
  booktitle={Advances in Neural Information Processing Systems},
  pages={3711--3719},
  year={2016}
}

@article{santambrogio2015optimal,
  title={Optimal transport for applied mathematicians},
  author={Santambrogio, Filippo},
  journal={Progress in Nonlinear Differential Equations and their applications},
  volume={87},
  year={2015},
  publisher={Springer}
}

@inproceedings{rabin2011wasserstein,
  title={Wasserstein barycenter and its application to texture mixing},
  author={Rabin, Julien and Peyr{\'e}, Gabriel and Delon, Julie and Bernot, Marc},
  booktitle={International Conference on Scale Space and Variational Methods in Computer Vision},
  pages={435--446},
  year={2011},
  organization={Springer}
}

@article{mohamed2016learning,
  title={Learning in Implicit Generative Models},
  author={Mohamed, Shakir and Lakshminarayanan, Balaji},
  journal={arXiv preprint arXiv:1610.03483},
  year={2016}
}

@inproceedings{frogner2015learning,
  title={Learning with a Wasserstein loss},
  author={Frogner, Charlie and Zhang, Chiyuan and Mobahi, Hossein and Araya, Mauricio and Poggio, Tomaso A},
  booktitle={Advances in Neural Information Processing Systems},
  pages={2053--2061},
  year={2015}
}

@article{rubio2013simple,
  title={A simple approach to maximum intractable likelihood estimation},
  author={Rubio, Francisco J and Johansen, Adam M and others},
  journal={Electronic Journal of Statistics},
  volume={7},
  pages={1632--1654},
  year={2013},
  publisher={The Institute of Mathematical Statistics and the Bernoulli Society}
}

@book{assignmentproblems,
    author = {Burkard, R. and Dell'Amico, M. and Martello, S.},
    title = {Assignment Problems},
    publisher = {Society for Industrial and Applied Mathematics (SIAM)},
    year = {2009},
    doi = {10.1137/1.9781611972238},
    address = {},
    edition   = {}
}

@ARTICLE{bns:ou,
  author = {Barndorff-Nielsen, Ole E. and Shephard, Neil},
  title = {Non-{G}aussian {O}rnstein-{U}hlenbeck-based models and some of their
	uses in financial economics},
  journal = {Journal of the Royal Statistical Society: Series B},
  year = {2001},
  volume = {63},
  pages = {167--241},
  number = {2},
  fjournal = {Journal of the Royal Statistical Society: Series B},
  issn = {1369-7412},
  mrclass = {62M07 (62M09 62M10 62P20)},
  mrnumber = {MR1841412 (2002c:62127)}
}

@ARTICLE{bns:real,
  author = {Barndorff-Nielsen, Ole E. and Shephard, Neil},
  title = {Econometric analysis of realized volatility and its use in estimating
	stochastic volatility models},
  journal = {Journal of the Royal Statistical Society: Series B},
  year = {2002},
  volume = {64},
  pages = {253--280},
  number = {2},
  fjournal = {Journal of the Royal Statistical Society: Series B},
  issn = {1369-7412},
  mrclass = {60H30},
  mrnumber = {MR1904704 (2003b:60105)}
}

@article{silk2013optimizing,
  title={Optimizing threshold-schedules for sequential approximate {B}ayesian computation: applications to molecular systems},
  author={Silk, Daniel and Filippi, Sarah and Stumpf, Michael PH},
  journal={Statistical applications in genetics and molecular biology},
  volume={12},
  number={5},
  pages={603--618},
  year={2013}
}


@article{BackwardSQMC,
    author = {Gerber, Mathieu and Chopin, Nicolas},
     title = {Convergence of sequential quasi-{M}onte {C}arlo Smoothing Algorithms},
   journal = {Bernouilli (to appear)},
      year = {2015},
    eprint = {1506.06117},
     month = {Jun}
}


@incollection{Schretter2016,
  title={Van der {C}orput and Golden Ratio Sequences Along the {H}ilbert Space-Filling Curve},
  author={Schretter, Colas and He, Zhijian and Gerber, Mathieu and Chopin, Nicolas and Niederreiter, Harald},
  booktitle={Monte Carlo and Quasi-Monte Carlo Methods},
  pages={531--544},
  year={2016},
  publisher={Springer}
}


@article{pham1985some,
  title={Some mixing properties of time series models},
  author={Pham, Tuan D and Tran, Lanh T},
  journal={Stochastic processes and their applications},
  volume={19},
  number={2},
  pages={297--303},
  year={1985},
  publisher={Elsevier}
}

@article{kolmogorov1960strong,
  title={On strong mixing conditions for stationary Gaussian processes},
  author={Kolmogorov, Andrei Nikolaevich and Rozanov, Yu A},
  journal={Theory of Probability \& Its Applications},
  volume={5},
  number={2},
  pages={204--208},
  year={1960},
  publisher={SIAM}
}

@article{bradley2005basic,
  title={Basic properties of strong mixing conditions. A survey and some open questions},
  author={Bradley, Richard C and others},
  journal={Probability surveys},
  volume={2},
  number={2},
  pages={107--144},
  year={2005}
}

@article{puccetti2017algorithm,
  title={An algorithm to approximate the optimal expected inner product of two vectors with given marginals},
  author={Puccetti, Giovanni},
  journal={Journal of Mathematical Analysis and Applications},
  volume={451},
  number={1},
  pages={132--145},
  year={2017},
  publisher={Elsevier}
}

@article{ramdas2017wasserstein,
  title={On {W}asserstein Two-Sample Testing and Related Families of Nonparametric Tests},
  author={Ramdas, Aaditya and Trillos, Nicol{\'a}s Garc{\'\i}a and Cuturi, Marco},
  journal={Entropy},
  volume={19},
  number={2},
  pages={47},
  year={2017},
  publisher={Multidisciplinary Digital Publishing Institute}
}

@article{szekely2004testing,
  title={Testing for equal distributions in high dimension},
  author={Sz{\'e}kely, G{\'a}bor J and Rizzo, Maria L},
  journal={InterStat},
  volume={5},
  pages={1--6},
  year={2004}
}

@article{jakel2008similarity,
  title={Similarity, kernels, and the triangle inequality},
  author={J{\"a}kel, Frank and Sch{\"o}lkopf, Bernhard and Wichmann, Felix A},
  journal={Journal of Mathematical Psychology},
  volume={52},
  number={5},
  pages={297--303},
  year={2008},
  publisher={Elsevier}
}

@article{ekisheva2006transportation,
  title={Transportation Distance and the Central Limit Theorem},
  author={Ekisheva, Svetlana and Houdr{\'e}, Christian},
  journal={arXiv preprint math/0607089},
  year={2006}
}

@inproceedings{graham2017asymptotically,
  title={Asymptotically exact inference in differentiable generative models},
  author={Graham, Matthew and Storkey, Amos},
  booktitle={Artificial Intelligence and Statistics},
  pages={499--508},
  year={2017}
}


@article{sommerfeld2016inference,
    title = {Inference for empirical {W}asserstein distances on finite spaces},
    author = {Sommerfeld, Max and Munk, Axel},
    journal = {Journal of the Royal Statistical Society: Series B},
    doi = {10.1111/rssb.12236},
    year = {2017},
    pages = {},
    volume= {},
    number = {}
}


@article{sousa2009approximate,
  title={Approximate {B}ayesian computation without summary statistics: the case of admixture},
  author={Sousa, Vitor C and Fritz, Marielle and Beaumont, Mark A and Chikhi, Loun{\`e}s},
  journal={Genetics},
  volume={181},
  number={4},
  pages={1507--1519},
  year={2009},
  publisher={Genetics Soc America}
}

@article{bernton2017inference,
  title={Inference in generative models using the {W}asserstein distance},
  author={Bernton, Espen and Jacob, Pierre E and Gerber, Mathieu and Robert, Christian P},
  journal={arXiv preprint arXiv:1701.05146},
  year={2017}
}

@article{buchin2008computing,
  title={Computing the {F}r{\'e}chet distance between simple polygons},
  author={Buchin, Kevin and Buchin, Maike and Wenk, Carola},
  journal={Computational Geometry},
  volume={41},
  number={1-2},
  pages={2--20},
  year={2008},
  publisher={Elsevier}
}

@inproceedings{majumdar2015computing,
  title={Computing the {S}korokhod distance between polygonal traces},
  author={Majumdar, Rupak and Prabhu, Vinayak S},
  booktitle={Proceedings of the 18th International Conference on Hybrid Systems: Computation and Control},
  pages={199--208},
  year={2015},
  organization={ACM}
}

@Manual{transportpackage,
  title = {\texttt{transport}: Optimal Transport in Various Forms},
  author = {Dominic Schuhmacher and Björn Bähre and Carsten
    Gottschlich and Florian Heinemann},
  year = {2017},
  note = {R package version 0.8-2},
  url = {https://cran.r-project.org/package=transport},
}

@inproceedings{berndt1994using,
  title={Using dynamic time warping to find patterns in time series.},
  author={Berndt, Donald J and Clifford, James},
  booktitle={KDD workshop},
  volume={10},
  pages={359--370},
  year={1994},
  organization={Seattle, WA}
}

@inproceedings{merigot2011multiscale,
  title={A multiscale approach to optimal transport},
  author={M{\'e}rigot, Quentin},
  booktitle={Computer Graphics Forum},
  volume={30},
  pages={1583--1592},
  year={2011},
  organization={Wiley Online Library}
}

@article{blum2010non,
  title={Non-linear regression models for Approximate {B}ayesian Computation},
  author={Blum, Michael GB and Fran{\c{c}}ois, Olivier},
  journal={Statistics and computing},
  volume={20},
  number={1},
  pages={63--73},
  year={2010},
  publisher={Springer}
}

@article{shestopaloff2014bayesian,
  title={On {B}ayesian inference for the {M/G/1} queue with efficient {MCMC} sampling},
  author={Shestopaloff, Alexander Y and Neal, Radford M},
  journal={arXiv preprint arXiv:1401.5548},
  year={2014}
}


@inproceedings{arjovsky2017wasserstein,
  title = {{W}asserstein Generative Adversarial Networks},
  author = {Martin Arjovsky and Soumith Chintala and L{\'e}on Bottou},
  booktitle = {Proceedings of the 34th International Conference on Machine Learning},
  pages = {214--223},
  year = {2017},
  volume = {70},
  publisher = 	 {PMLR}
}


@inproceedings{srivastava2015wasp,
  title={{WASP}: Scalable {B}ayes via barycenters of subset posteriors},
  author={Srivastava, Sanvesh and Cevher, Volkan and Dinh, Quoc and Dunson, David},
  booktitle={Artificial Intelligence and Statistics},
  pages={912--920},
  year={2015}
}

@article{wu2017statistical,
  title={Statistical Archetypal Analysis},
  author={Wu, Chenyue and Tabak, Esteban G},
  journal={arXiv preprint arXiv:1701.08916},
  year={2017}
}

@article{rayner2002numerical,
  title={Numerical maximum likelihood estimation for the g-and-k and generalized g-and-h distributions},
  author={Rayner, Glen D and MacGillivray, Helen L},
  journal={Statistics and Computing},
  volume={12},
  number={1},
  pages={57--75},
  year={2002},
  publisher={Springer}
}

@article{drovandi2011likelihood,
  title={Likelihood-free {B}ayesian estimation of multivariate quantile distributions},
  author={Drovandi, Christopher C and Pettitt, Anthony N},
  journal={Computational Statistics \& Data Analysis},
  volume={55},
  number={9},
  pages={2541--2556},
  year={2011},
  publisher={Elsevier}
}

@article{li2015asymptotic,
  title={On the Asymptotic Efficiency of {ABC} Estimators},
  author={Li, Wentao and Fearnhead, Paul},
  journal={arXiv preprint arXiv:1506.03481},
  year={2015}
}

@article{del2017central,
  title={Central Limit Theorems for empirical transportation cost in general dimension},
  author={Del Barrio, Eustasio and Loubes, Jean-Michel},
  journal={arXiv preprint arXiv:1705.01299},
  year={2017}
}

@article{del2005asymptotics,
  title={Asymptotics for L2 functionals of the empirical quantile process, with applications to tests of fit based on weighted Wasserstein distances},
  author={Del Barrio, Eustasio and Gin{\'e}, Evarist and Utzet, Frederic and others},
  journal={Bernoulli},
  volume={11},
  number={1},
  pages={131--189},
  year={2005},
  publisher={Bernoulli Society for Mathematical Statistics and Probability}
}

@article{gottschlich2014shortlist,
  title={The shortlist method for fast computation of the earth mover's distance and finding optimal solutions to transportation problems},
  author={Gottschlich, Carsten and Schuhmacher, Dominic},
  journal={PloS one},
  volume={9},
  number={10},
  pages={e110214},
  year={2014},
  publisher={Public Library of Science}
}

@article{bogoya2016convergence,
  title={From convergence in distribution to uniform convergence},
  author={Bogoya, Johan Manuel and Boettcher, Albrecht and Maximenko, Egor A},
  journal={Bolet{\'\i}n de la Sociedad Matem{\'a}tica Mexicana},
  volume={22},
  number={2},
  pages={695--710},
  year={2016},
  publisher={Springer}
}

@Manual{Rsoftware,
    title = {R: A Language and Environment for Statistical Computing},
    author = {{R Core Team}},
    organization = {R Foundation for Statistical Computing},
    address = {Vienna, Austria},
    year = {2015},
    url = {https://www.R-project.org/},
  }

@article{jordan1998variational,
  title={The variational formulation of the {F}okker--{P}lanck equation},
  author={Jordan, Richard and Kinderlehrer, David and Otto, Felix},
  journal={SIAM journal on mathematical analysis},
  volume={29},
  number={1},
  pages={1--17},
  year={1998},
  publisher={SIAM}
}

@article{dalalyan2017further,
  title={Further and stronger analogy between sampling and optimization: {L}angevin {M}onte {C}arlo and gradient descent},
  author={Dalalyan, Arnak S.},
  journal={arXiv preprint arXiv:1704.04752},
  year={2017}
}

@article{carrillo2015numerical,
  title={Numerical study of a particle method for gradient flows},
  author={Carrillo, Jose Antonio and Huang, Yanghong and Patacchini, Francesco Saverio and Wolansky, Gershon},
  journal={arXiv preprint arXiv:1512.03029},
  year={2015}
}

@article{carrillo2006contractions,
  title={Contractions in the 2-{W}asserstein length space and thermalization of granular media},
  author={Carrillo, Jos{\'e} A. and McCann, Robert J. and Villani, C{\'e}dric},
  journal={Archive for Rational Mechanics and Analysis},
  volume={179},
  number={2},
  pages={217--263},
  year={2006},
  publisher={Springer}
}

@article{chaudhari2017deep,
  title={Deep Relaxation: partial differential equations for optimizing deep neural networks},
  author={Chaudhari, Pratik and Oberman, Adam and Osher, Stanley and Soatto, Stefano and Carlier, Guillame},
  journal={arXiv preprint arXiv:1704.04932},
  year={2017}
}

@book{pavliotis2008multiscale,
  title={Multiscale methods: averaging and homogenization},
  author={Pavliotis, Grigoris and Stuart, Andrew},
  year={2008},
  publisher={Springer Science \& Business Media}
}

@article{carrillo2017blob,
  title={A blob method for diffusion},
  author={Carrillo, Jos{\'e} Antonio and Craig, Katy and Patacchini, Francesco S},
  journal={arXiv preprint arXiv:1709.09195},
  year={2017}
}

@article{pereyra2016proximal,
  title={Proximal {M}arkov chain {M}onte {C}arlo algorithms},
  author={Pereyra, Marcelo},
  journal={Statistics and Computing},
  volume={26},
  number={4},
  pages={745--760},
  year={2016},
  publisher={Springer}
}

@article{parikh2014proximal,
  title={Proximal algorithms},
  author={Parikh, Neal and Boyd, Stephen},
  journal={Foundations and Trends in Optimization},
  volume={1},
  number={3},
  pages={127--239},
  year={2014},
  publisher={Now Publishers, Inc.}
}


@article{carlen2013contraction,
  title={Contraction of the proximal map and generalized convexity of the {M}oreau--{Y}osida regularization in the 2-{W}asserstein metric},
  author={Carlen, Eric and Craig, Katy},
  journal={Mathematics and Mechanics of Complex Systems},
  volume={1},
  number={1},
  pages={33--65},
  year={2013},
  publisher={Mathematical Sciences Publishers}
}

@article{durmus2016efficient,
  title={Efficient {B}ayesian computation by proximal {M}arkov chain {M}onte {C}arlo: when {L}angevin meets {M}oreau},
  author={Durmus, Alain and Moulines, Eric and Pereyra, Marcelo},
  journal={arXiv preprint arXiv:1612.07471},
  year={2016}
}

@article{carlier2017convergence,
  title={Convergence of entropic schemes for optimal transport and gradient flows},
  author={Carlier, Guillaume and Duval, Vincent and Peyr{\'e}, Gabriel and Schmitzer, Bernhard},
  journal={SIAM Journal on Mathematical Analysis},
  volume={49},
  number={2},
  pages={1385--1418},
  year={2017},
  publisher={SIAM}
}

@article{bowles2015weak,
  title={Weak solutions to a fractional {F}okker--{P}lanck equation via splitting and {W}asserstein gradient flow},
  author={Bowles, Malcolm and Agueh, Martial},
  journal={Applied Mathematics Letters},
  volume={42},
  pages={30--35},
  year={2015},
  publisher={Elsevier}
}

@book{pavliotis2014stochastic,
  title={Stochastic processes and applications},
  year = {2014},
  author={Pavliotis, Grigorios A.},
  publisher={Springer}
}

@article{ambrosio2009existence,
  title={Existence and stability for {F}okker--{P}lanck equations with log-concave reference measure},
  author={Ambrosio, Luigi and Savar{\'e}, Giuseppe and Zambotti, Lorenzo},
  journal={Probability theory and related fields},
  volume={145},
  number={3},
  pages={517--564},
  year={2009},
  publisher={Springer}
}

@article{mccann1997convexity,
  title={A convexity principle for interacting gases},
  author={McCann, Robert J.},
  journal={Advances in Mathematics},
  volume={128},
  number={1},
  pages={153--179},
  year={1997},
  publisher={Elsevier}
}

@article{cepa1998problame,
  title={Probl{\`e}me de {S}korohod multivoque},
  author={C{\'e}pa, Emmanuel},
  journal={The Annals of Probability},
  volume={26},
  number={2},
  pages={500--532},
  year={1998},
  publisher={Institute of Mathematical Statistics}
}

@book{holden2010splitting,
  title={Splitting Methods for Partial Differential Equations with Rough Solutions},
  author={Holden, Helge and Karlsen, Kenneth H and Lie, Knut-Andreas and Risebro, Nils Henrik},
  year={2010},
  publisher={European Mathematical Society}
}

@phdthesis{stojkovic2011geometric,
  title={Geometric approach to evolution problems in metric spaces},
  author={Stojkovi{\'c}, Igor},
  year={2011},
  school={Mathematical Institute, Faculty of Science, Leiden University}
}

@article{dalalyan2017user,
  title={User-friendly guarantees for the {L}angevin {M}onte {C}arlo with inaccurate gradient},
  author={Dalalyan, Arnak S. and Karagulyan, Avetik G.},
  journal={arXiv preprint arXiv:1710.00095},
  year={2017}
}

@article{legendre2017second,
  title={Second-order in time schemes for gradient flows in {W}asserstein and geodesic metric spaces},
  author={Legendre, Guillaume and Turinici, Gabriel},
  journal={Comptes Rendus Mathematique},
  volume={355},
  number={3},
  pages={345--353},
  year={2017},
  publisher={Elsevier}
}

@article{venkiteswaran2005quasi,
  title={Quasi-{M}onte {C}arlo algorithms for diffusion equations in high dimensions},
  author={Venkiteswaran, Gopalakrishnan and Junk, Michael},
  journal={Mathematics and Computers in Simulation},
  volume={68},
  number={1},
  pages={23--41},
  year={2005},
  publisher={Elsevier}
}

@article{clement2011trotter,
  title={A {T}rotter product formula for gradient flows in metric spaces},
  author={Cl{\'e}ment, Philippe and Maas, Jan},
  journal={Journal of Evolution Equations},
  volume={11},
  number={2},
  pages={405--427},
  year={2011},
  publisher={Springer}
}

@book{nesterov2013introductory,
  title={Introductory lectures on convex optimization: A basic course},
  author={Nesterov, Yurii},
  volume={87},
  year={2013},
  publisher={Springer Science \& Business Media}
}

@article{borwein1994second,
  title={Second order differentiability of convex functions in {B}anach spaces},
  author={Borwein, Jonathan M and Noll, Dominikus},
  journal={Transactions of the American Mathematical Society},
  pages={43--81},
  year={1994},
  publisher={JSTOR}
}

@article{roberts1996exponential,
  title={Exponential convergence of {L}angevin distributions and their discrete approximations},
  author={Roberts, Gareth O. and Tweedie, Richard L.},
  journal={Bernoulli},
  volume={2},
  number={4},
  pages={341--363},
  year={1996},
  publisher={Bernoulli Society for Mathematical Statistics and Probability}
}

@article{dalalyan2014theoretical,
  title={Theoretical guarantees for approximate sampling from smooth and log-concave densities},
  author={Dalalyan, Arnak S.},
  journal={arXiv preprint arXiv:1412.7392},
  year={2014}
}

@article{roberts2002langevin,
  title={Langevin diffusions and {M}etropolis-{H}astings algorithms},
  author={Roberts, Gareth O. and Stramer, Osnat},
  journal={Methodology and computing in applied probability},
  volume={4},
  number={4},
  pages={337--357},
  year={2002},
  publisher={Springer}
}

@article{pillai2012optimal,
  title={Optimal scaling and diffusion limits for the {L}angevin algorithm in high dimensions},
  author={Pillai, Natesh S. and Stuart, Andrew M. and Thi{\'e}ry, Alexandre H.},
  journal={The Annals of Applied Probability},
  volume={22},
  number={6},
  pages={2320--2356},
  year={2012},
  publisher={Institute of Mathematical Statistics}
}

@article{jarner2000geometric,
  title={Geometric ergodicity of {M}etropolis algorithms},
  author={Jarner, S{\o}ren F. and Hansen, Ernst},
  journal={Stochastic processes and their applications},
  volume={85},
  number={2},
  pages={341--361},
  year={2000},
  publisher={Elsevier}
}

@article{xifara2014langevin,
  title={Langevin diffusions and the {M}etropolis-adjusted {L}angevin algorithm},
  author={Xifara, Tatiana and Sherlock, Chris and Livingstone, Samuel and Byrne, Simon and Girolami, Mark},
  journal={Statistics \& Probability Letters},
  volume={91},
  pages={14--19},
  year={2014},
  publisher={Elsevier}
}

@article{durmus2016sampling,
  title={Sampling from strongly log-concave distributions with the {U}nadjusted {L}angevin {A}lgorithm},
  author={Durmus, Alain and Moulines, Eric},
  journal={arXiv preprint arXiv:1605.01559},
  year={2016}
}

@article{durmus2017nonasymptotic,
  title={Nonasymptotic convergence analysis for the unadjusted {L}angevin algorithm},
  author={Durmus, Alain and Moulines, Eric},
  journal={The Annals of Applied Probability},
  volume={27},
  number={3},
  pages={1551--1587},
  year={2017},
  publisher={Institute of Mathematical Statistics}
}

@article{cheng2017convergence,
  title={Convergence of {L}angevin {MCMC} in {KL}-divergence},
  author={Cheng, Xiang and Bartlett, Peter},
  journal={arXiv preprint arXiv:1705.09048},
  year={2017}
}

@article{santambrogio2016euclidean,
  title={$\{$Euclidean, Metric, and Wasserstein$\}$ {G}radient {F}lows: an overview},
  author={Santambrogio, Filippo},
  journal={arXiv preprint arXiv:1609.03890},
  year={2016}
}

@article{peyre2015entropic,
  title={Entropic approximation of {W}asserstein gradient flows},
  author={Peyr{\'e}, Gabriel},
  journal={SIAM Journal on Imaging Sciences},
  volume={8},
  number={4},
  pages={2323--2351},
  year={2015},
  publisher={SIAM}
}

@article{burger2012regularized,
  title={Regularized regression and density estimation based on optimal transport},
  author={Burger, Martin and Franek, Marzena and Sch{\"o}nlieb, Carola-Bibiane},
  journal={Applied Mathematics Research eXpress},
  volume={2012},
  number={2},
  pages={209--253},
  year={2012},
  publisher={Oxford University Press}
}

@article{carrillo2015finite,
  title={A finite-volume method for nonlinear nonlocal equations with a gradient flow structure},
  author={Carrillo, Jos{\'e} A and Chertock, Alina and Huang, Yanghong},
  journal={Communications in Computational Physics},
  volume={17},
  number={1},
  pages={233--258},
  year={2015},
  publisher={Cambridge University Press}
}

@article{benamou2016discretization,
  title={Discretization of functionals involving the {M}onge--{A}mp{\`e}re operator},
  author={Benamou, Jean-David and Carlier, Guillaume and M{\'e}rigot, Quentin and Oudet, Edouard},
  journal={Numerische mathematik},
  volume={134},
  number={3},
  pages={611--636},
  year={2016},
  publisher={Springer}
}

@article{durmus2016high,
  title={High-dimensional {B}ayesian inference via the {U}nadjusted {L}angevin {A}lgorithm},
  author={Durmus, Alain and Moulines, Eric},
  journal={arXiv preprint arXiv:1605.01559},
  year={2016}
}

@phdthesis{grappin2018thesis,
  author = {Grappin, Edwin}, 
  title = {Model Averaging in Large Scale Learning},
  school = {Universit\'e Paris-Saclay},
  year = {2018},
}

@article{blanchet2016family,
  title={A family of functional inequalities: {L}ojasiewicz inequalities and displacement convex functions},
  author={Blanchet, Adrien and Bolte, J{\'e}r{\^o}me},
  journal={arXiv preprint arXiv:1612.02619},
  year={2016}
}

@article{plazotta2018bdf2,
  title={A {BDF}2-Approach for the Non-linear {F}okker-{P}lanck Equation},
  author={Plazotta, Simon},
  journal={arXiv preprint arXiv:1801.09603},
  year={2018}
}