%% This BibTeX bibliography file was created using BibDesk.
%% http://bibdesk.sourceforge.net/


%% Created for Jonathan Weed at 2018-06-05 12:48:17 -0400 


%% Saved with string encoding Unicode (UTF-8) 



@article{LuiRudPon18,
	Author = {Luise, Giulia and Rudi, Alessandro and Pontil, Massimiliano and Ciliberto, Carlo},
	Date-Added = {2018-06-05 16:47:24 +0000},
	Date-Modified = {2018-06-05 16:47:35 +0000},
	Journal = {arXiv preprint arXiv:1805.11897},
	Title = {Differential Properties of {S}inkhorn Approximation for Learning with {W}asserstein Distance},
	Year = {2018}}

@inproceedings{Mad13,
	Author = {Aleksander M\k{a}dry},
	Bibsource = {dblp computer science bibliography, https://dblp.org},
	Biburl = {https://dblp.org/rec/bib/conf/focs/Madry13},
	Booktitle = {54th Annual {IEEE} Symposium on Foundations of Computer Science, {FOCS} 2013, 26-29 October, 2013, Berkeley, CA, {USA}},
	Crossref = {DBLP:conf/focs/2013},
	Date-Added = {2018-06-04 18:58:24 +0000},
	Date-Modified = {2018-06-04 19:05:04 +0000},
	Doi = {10.1109/FOCS.2013.35},
	Pages = {253--262},
	Timestamp = {Fri, 19 May 2017 01:25:59 +0200},
	Title = {Navigating Central Path with Electrical Flows: From Flows to Matchings, and Back},
	Url = {https://doi.org/10.1109/FOCS.2013.35},
	Year = {2013},
	Bdsk-Url-1 = {https://doi.org/10.1109/FOCS.2013.35}}

@proceedings{DBLP:conf/focs/2013,
	Bibsource = {dblp computer science bibliography, https://dblp.org},
	Biburl = {https://dblp.org/rec/bib/conf/focs/2013},
	Date-Added = {2018-06-04 18:58:24 +0000},
	Date-Modified = {2018-06-04 18:58:24 +0000},
	Isbn = {978-0-7695-5135-7},
	Publisher = {{IEEE} Computer Society},
	Timestamp = {Mon, 15 Dec 2014 18:48:45 +0100},
	Title = {54th Annual {IEEE} Symposium on Foundations of Computer Science, {FOCS} 2013, 26-29 October, 2013, Berkeley, CA, {USA}},
	Url = {http://ieeexplore.ieee.org/xpl/mostRecentIssue.jsp?punumber=6685222},
	Year = {2013},
	Bdsk-Url-1 = {http://ieeexplore.ieee.org/xpl/mostRecentIssue.jsp?punumber=6685222}}

@book{MezMon09,
	Author = {M\'ezard, Marc and Montanari, Andrea},
	Date-Added = {2018-06-04 18:52:06 +0000},
	Date-Modified = {2018-06-04 18:52:08 +0000},
	Doi = {10.1093/acprof:oso/9780198570837.001.0001},
	Isbn = {978-0-19-857083-7},
	Mrclass = {94A15 (68Q25 81P45 81P68 82B03 94B05)},
	Mrnumber = {2518205},
	Mrreviewer = {James W. Harrington},
	Pages = {xiv+569},
	Publisher = {Oxford University Press, Oxford},
	Series = {Oxford Graduate Texts},
	Title = {Information, physics, and computation},
	Url = {https://doi.org/10.1093/acprof:oso/9780198570837.001.0001},
	Year = {2009},
	Bdsk-Url-1 = {https://doi.org/10.1093/acprof:oso/9780198570837.001.0001}}

@inproceedings{KooWarKiv10,
	Author = {Wouter M. Koolen and Manfred K. Warmuth and Jyrki Kivinen},
	Bibsource = {dblp computer science bibliography, https://dblp.org},
	Biburl = {https://dblp.org/rec/bib/conf/colt/KoolenWK10},
	Booktitle = {{COLT} 2010 - The 23rd Conference on Learning Theory, Haifa, Israel, June 27-29, 2010},
	Crossref = {DBLP:conf/colt/2010},
	Date-Added = {2018-06-04 18:51:23 +0000},
	Date-Modified = {2018-06-04 18:51:26 +0000},
	Pages = {93--105},
	Timestamp = {Tue, 19 Feb 2013 17:09:31 +0100},
	Title = {Hedging Structured Concepts},
	Url = {http://colt2010.haifa.il.ibm.com/papers/COLT2010proceedings.pdf#page=101},
	Year = {2010},
	Bdsk-Url-1 = {http://colt2010.haifa.il.ibm.com/papers/COLT2010proceedings.pdf#page=101}}

@proceedings{DBLP:conf/colt/2010,
	Bibsource = {dblp computer science bibliography, https://dblp.org},
	Biburl = {https://dblp.org/rec/bib/conf/colt/2010},
	Date-Added = {2018-06-04 18:51:23 +0000},
	Date-Modified = {2018-06-04 18:51:23 +0000},
	Editor = {Adam Tauman Kalai and Mehryar Mohri},
	Isbn = {978-0-9822529-2-5},
	Publisher = {Omnipress},
	Timestamp = {Thu, 03 Feb 2011 13:54:56 +0100},
	Title = {{COLT} 2010 - The 23rd Conference on Learning Theory, Haifa, Israel, June 27-29, 2010},
	Year = {2010}}

@incollection{Di-GerNen17,
	Author = {Di Marino, Simone and Gerolin, Augusto and Nenna, Luca},
	Booktitle = {Topological optimization and optimal transport},
	Date-Added = {2018-06-04 18:49:58 +0000},
	Date-Modified = {2018-06-04 18:50:00 +0000},
	Mrclass = {49Q20},
	Mrnumber = {3729378},
	Mrreviewer = {Jan M\"uller},
	Pages = {204--256},
	Publisher = {De Gruyter, Berlin},
	Series = {Radon Ser. Comput. Appl. Math.},
	Title = {Optimal transportation theory with repulsive costs},
	Volume = {17},
	Year = {2017}}

@inproceedings{CutDou14,
	Author = {Marco Cuturi and Arnaud Doucet},
	Bibsource = {dblp computer science bibliography, https://dblp.org},
	Biburl = {https://dblp.org/rec/bib/conf/icml/CuturiD14},
	Booktitle = {Proceedings of the 31th International Conference on Machine Learning, {ICML} 2014, Beijing, China, 21-26 June 2014},
	Crossref = {DBLP:conf/icml/2014},
	Date-Added = {2018-06-04 18:47:35 +0000},
	Date-Modified = {2018-06-04 18:47:46 +0000},
	Pages = {685--693},
	Timestamp = {Wed, 29 Mar 2017 16:45:25 +0200},
	Title = {Fast Computation of {W}asserstein Barycenters},
	Url = {http://jmlr.org/proceedings/papers/v32/cuturi14.html},
	Year = {2014},
	Bdsk-Url-1 = {http://jmlr.org/proceedings/papers/v32/cuturi14.html}}

@proceedings{DBLP:conf/icml/2014,
	Bibsource = {dblp computer science bibliography, https://dblp.org},
	Biburl = {https://dblp.org/rec/bib/conf/icml/2014},
	Date-Added = {2018-06-04 18:47:35 +0000},
	Date-Modified = {2018-06-04 18:47:35 +0000},
	Publisher = {JMLR.org},
	Series = {{JMLR} Workshop and Conference Proceedings},
	Timestamp = {Wed, 29 Mar 2017 16:45:25 +0200},
	Title = {Proceedings of the 31th International Conference on Machine Learning, {ICML} 2014, Beijing, China, 21-26 June 2014},
	Url = {http://jmlr.org/proceedings/papers/v32/},
	Volume = {32},
	Year = {2014},
	Bdsk-Url-1 = {http://jmlr.org/proceedings/papers/v32/}}

@inproceedings{DenPetSch14,
	Author = {Andreea Denitiu and Stefania Petra and Claudius Schn{\"{o}}rr and Christoph Schn{\"{o}}rr},
	Bibsource = {dblp computer science bibliography, https://dblp.org},
	Biburl = {https://dblp.org/rec/bib/conf/dgci/DenitiuPSS14},
	Booktitle = {Discrete Geometry for Computer Imagery - 18th {IAPR} International Conference, {DGCI} 2014, Siena, Italy, September 10-12, 2014. Proceedings},
	Crossref = {DBLP:conf/dgci/2014},
	Date-Added = {2018-06-04 18:42:53 +0000},
	Date-Modified = {2018-06-04 18:43:10 +0000},
	Doi = {10.1007/978-3-319-09955-2_22},
	Pages = {262--274},
	Timestamp = {Wed, 24 May 2017 08:27:25 +0200},
	Title = {An Entropic Perturbation Approach to {TV}-Minimization for Limited-Data Tomography},
	Url = {https://doi.org/10.1007/978-3-319-09955-2_22},
	Year = {2014},
	Bdsk-Url-1 = {https://doi.org/10.1007/978-3-319-09955-2_22}}

@proceedings{DBLP:conf/dgci/2014,
	Bibsource = {dblp computer science bibliography, https://dblp.org},
	Biburl = {https://dblp.org/rec/bib/conf/dgci/2014},
	Date-Added = {2018-06-04 18:42:53 +0000},
	Date-Modified = {2018-06-04 18:42:53 +0000},
	Doi = {10.1007/978-3-319-09955-2},
	Editor = {Elena Barcucci and Andrea Frosini and Simone Rinaldi},
	Isbn = {978-3-319-09954-5},
	Publisher = {Springer},
	Series = {Lecture Notes in Computer Science},
	Timestamp = {Wed, 24 May 2017 08:27:24 +0200},
	Title = {Discrete Geometry for Computer Imagery - 18th {IAPR} International Conference, {DGCI} 2014, Siena, Italy, September 10-12, 2014. Proceedings},
	Url = {https://doi.org/10.1007/978-3-319-09955-2},
	Volume = {8668},
	Year = {2014},
	Bdsk-Url-1 = {https://doi.org/10.1007/978-3-319-09955-2}}

@inproceedings{GenCutPey16,
	Author = {Aude Genevay and Marco Cuturi and Gabriel Peyr{\'{e}} and Francis R. Bach},
	Bibsource = {dblp computer science bibliography, https://dblp.org},
	Biburl = {https://dblp.org/rec/bib/conf/nips/GenevayCPB16},
	Booktitle = {Advances in Neural Information Processing Systems 29: Annual Conference on Neural Information Processing Systems 2016, December 5-10, 2016, Barcelona, Spain},
	Crossref = {zzzDBLP:conf/nips/2016},
	Date-Added = {2018-06-04 18:22:36 +0000},
	Date-Modified = {2018-06-04 18:37:00 +0000},
	Pages = {3432--3440},
	Timestamp = {Fri, 03 Mar 2017 14:59:41 +0100},
	Title = {Stochastic Optimization for Large-scale Optimal Transport},
	Url = {http://papers.nips.cc/paper/6566-stochastic-optimization-for-large-scale-optimal-transport},
	Year = {2016},
	Bdsk-Url-1 = {http://papers.nips.cc/paper/6566-stochastic-optimization-for-large-scale-optimal-transport}}

@article{AudBubLug13,
	Author = {Audibert, Jean-Yves and Bubeck, S{\'e}bastien and Lugosi, G{\'a}bor},
	Date-Added = {2018-02-17 00:46:33 +0000},
	Date-Modified = {2018-02-17 00:46:37 +0000},
	Journal = {Mathematics of Operations Research},
	Number = {1},
	Pages = {31--45},
	Publisher = {INFORMS},
	Title = {Regret in online combinatorial optimization},
	Volume = {39},
	Year = {2013}}

@article{Ald01,
	Author = {Aldous, David J.},
	Date-Added = {2018-02-16 19:49:21 +0000},
	Date-Modified = {2018-02-16 19:49:24 +0000},
	Fjournal = {Random Structures \& Algorithms},
	Issn = {1042-9832},
	Journal = {Random Structures Algorithms},
	Mrclass = {60C05 (60F05)},
	Mrnumber = {1839499},
	Mrreviewer = {Aart J. Stam},
	Number = {4},
	Pages = {381--418},
	Title = {The {$\zeta(2)$} limit in the random assignment problem},
	Url = {https://doi.org/10.1002/rsa.1015},
	Volume = {18},
	Year = {2001},
	Bdsk-Url-1 = {https://doi.org/10.1002/rsa.1015}}

@unpublished{PeyCut17,
	Author = {Gabriel Peyr{\'{e}} and Marco Cuturi},
	Date-Added = {2018-02-16 19:32:50 +0000},
	Date-Modified = {2018-02-16 19:34:49 +0000},
	Note = {Book draft},
	Title = {Computational optimal transport},
	Year = {2017}}

@article{BloSegRol17,
	Author = {Blondel, Mathieu and Seguy, Vivien and Rolet, Antoine},
	Date-Added = {2018-02-16 19:30:23 +0000},
	Date-Modified = {2018-02-16 19:30:32 +0000},
	Journal = {arXiv preprint arXiv:1710.06276},
	Title = {Smooth and Sparse Optimal Transport},
	Year = {2017}}

@article{DesPapRou16,
	Author = {Dessein, Arnaud and Papadakis, Nicolas and Rouas, Jean-Luc},
	Date-Added = {2018-02-16 19:30:16 +0000},
	Date-Modified = {2018-06-04 18:47:07 +0000},
	Journal = {arXiv preprint arXiv:1610.06447},
	Title = {Regularized Optimal Transport and the {ROT} Mover's Distance},
	Year = {2016}}

@article{DiaRauRiv15,
	Author = {D{\'\i}az, Juan and Rau, Tom{\'a}s and Rivera, Jorge},
	Date-Added = {2018-02-16 19:29:54 +0000},
	Date-Modified = {2018-02-16 19:30:32 +0000},
	Journal = {Review of Economics and Statistics},
	Number = {4},
	Pages = {803--812},
	Publisher = {MIT Press},
	Title = {A Matching Estimator Based on a Bilevel Optimization Problem},
	Volume = {97},
	Year = {2015}}

@article{Sch16,
	Author = {Schmitzer, Bernhard},
	Date-Added = {2018-02-16 19:29:53 +0000},
	Date-Modified = {2018-02-16 19:30:32 +0000},
	Journal = {arXiv preprint arXiv:1610.06519},
	Title = {Stabilized sparse scaling algorithms for entropy regularized transport problems},
	Year = {2016}}

@article{CarDuvPey17,
	Author = {Carlier, Guillaume and Duval, Vincent and Peyr{\'e}, Gabriel and Schmitzer, Bernhard},
	Date-Added = {2018-02-16 19:29:50 +0000},
	Date-Modified = {2018-02-16 19:30:32 +0000},
	Journal = {SIAM Journal on Mathematical Analysis},
	Number = {2},
	Pages = {1385--1418},
	Publisher = {SIAM},
	Title = {Convergence of entropic schemes for optimal transport and gradient flows},
	Volume = {49},
	Year = {2017}}

@article{BenCarCut15,
	Author = {Benamou, Jean-David and Carlier, Guillaume and Cuturi, Marco and Nenna, Luca and Peyr{\'e}, Gabriel},
	Date-Added = {2018-02-16 19:29:45 +0000},
	Date-Modified = {2018-02-16 19:30:32 +0000},
	Journal = {SIAM Journal on Scientific Computing},
	Number = {2},
	Pages = {A1111--A1138},
	Publisher = {SIAM},
	Title = {Iterative Bregman projections for regularized transportation problems},
	Volume = {37},
	Year = {2015}}

@article{ShaGauGri11,
	Author = {Sharify, Meisam and Gaubert, St{\'e}phane and Grigori, Laura},
	Date-Added = {2018-02-16 18:24:55 +0000},
	Date-Modified = {2018-02-16 18:25:05 +0000},
	Journal = {arXiv preprint arXiv:1104.3830},
	Title = {Solution of the optimal assignment problem by diagonal scaling algorithms},
	Year = {2011}}

@article{KosYui94,
	Author = {Kosowsky, JJ and Yuille, Alan L},
	Date-Added = {2018-02-16 18:24:42 +0000},
	Date-Modified = {2018-06-04 18:51:46 +0000},
	Journal = {Neural Networks},
	Number = {3},
	Pages = {477--490},
	Publisher = {Elsevier},
	Title = {The invisible hand algorithm: Solving the assignment problem with statistical physics},
	Volume = {7},
	Year = {1994}}

@article{FanTsa93,
	Author = {Fang, Shu-Cherng and Tsao, H-S Jacob},
	Date-Added = {2018-02-16 08:44:59 +0000},
	Date-Modified = {2018-02-16 08:44:59 +0000},
	Journal = {Zeitschrift f{\"u}r Operations Research},
	Number = {2},
	Pages = {171--186},
	Publisher = {Springer},
	Title = {Linear programming with entropic perturbation},
	Volume = {37},
	Year = {1993}}

@unpublished{Rig17,
	Author = {Rigollet, Philippe},
	Date-Added = {2018-02-16 08:43:11 +0000},
	Date-Modified = {2018-02-16 08:46:17 +0000},
	Note = {Personal communication},
	Year = {2017}}

@article{FreSch97,
	Author = {Freund, Yoav and Schapire, Robert E},
	Date-Added = {2018-02-16 08:42:49 +0000},
	Date-Modified = {2018-06-04 18:50:53 +0000},
	Journal = {Journal of Computer and System Sciences},
	Number = {1},
	Pages = {119--139},
	Publisher = {Elsevier},
	Title = {A decision-theoretic generalization of on-line learning and an application to boosting},
	Volume = {55},
	Year = {1997}}

@incollection{BenCarNen16,
	Author = {Benamou, Jean-David and Carlier, Guillaume and Nenna, Luca},
	Booktitle = {Splitting Methods in Communication, Imaging, Science, and Engineering},
	Date-Added = {2018-02-16 08:42:49 +0000},
	Date-Modified = {2018-06-04 18:25:04 +0000},
	Mrclass = {65K10 (49Q20 81Q05)},
	Mrnumber = {3617575},
	Pages = {577--601},
	Publisher = {Springer, Cham},
	Series = {Sci. Comput.},
	Title = {A numerical method to solve multi-marginal optimal transport problems with {C}oulomb cost},
	Year = {2016}}

@article{Bre67,
	Author = {Br\`egman, L. M.},
	Date-Added = {2018-02-16 08:42:49 +0000},
	Date-Modified = {2018-02-16 08:42:49 +0000},
	Fjournal = {Akademija Nauk SSSR. \v Zurnal Vy\v cislitel\cprime no\u\i \ Matematiki i Matemati\v cesko\u\i \ Fiziki},
	Issn = {0044-4669},
	Journal = {\v Z. Vy\v cisl. Mat. i Mat. Fiz.},
	Mrclass = {90.60 (65.00)},
	Mrnumber = {0215617},
	Mrreviewer = {P. Johansen},
	Pages = {620--631},
	Title = {A relaxation method of finding a common point of convex sets and its application to the solution of problems in convex programming},
	Volume = {7},
	Year = {1967}}

@article{Leo14,
	Author = {L\'eonard, Christian},
	Date-Added = {2018-02-16 08:42:49 +0000},
	Date-Modified = {2018-02-16 08:42:49 +0000},
	Doi = {10.3934/dcds.2014.34.1533},
	Fjournal = {Discrete and Continuous Dynamical Systems. Series A},
	Issn = {1078-0947},
	Journal = {Discrete Contin. Dyn. Syst.},
	Mrclass = {60J25 (46N10 60F10)},
	Mrnumber = {3121631},
	Mrreviewer = {Nicolas Juillet},
	Number = {4},
	Pages = {1533--1574},
	Title = {A survey of the {S}chr\"odinger problem and some of its connections with optimal transport},
	Url = {http://dx.doi.org/10.3934/dcds.2014.34.1533},
	Volume = {34},
	Year = {2014},
	Bdsk-Url-1 = {http://dx.doi.org/10.3934/dcds.2014.34.1533}}

@article{Fan92,
	Author = {Fang, S. C.},
	Date-Added = {2018-02-16 08:42:49 +0000},
	Date-Modified = {2018-02-16 08:42:49 +0000},
	Fjournal = {Zeitschrift f\"ur Operations Research. Mathematical Methods of Operations Research},
	Issn = {0340-9422},
	Journal = {Z. Oper. Res.},
	Mrclass = {90C05 (49N15 90C25)},
	Mrnumber = {1155837},
	Mrreviewer = {Tam\'as Terlaky},
	Number = {2},
	Pages = {149--161},
	Title = {An unconstrained convex programming view of linear programming},
	Url = {https://doi.org/10.1007/BF01417214},
	Volume = {36},
	Year = {1992},
	Bdsk-Url-1 = {https://doi.org/10.1007/BF01417214}}

@article{ComSan94,
	Author = {Cominetti, R. and San Mart\'in, J.},
	Date-Added = {2018-02-16 08:42:49 +0000},
	Date-Modified = {2018-02-16 08:42:49 +0000},
	Doi = {10.1007/BF01582220},
	Fjournal = {Mathematical Programming},
	Issn = {0025-5610},
	Journal = {Math. Programming},
	Mrclass = {90C05},
	Mrnumber = {1305565},
	Mrreviewer = {F. Szidarovszky},
	Number = {2, Ser. A},
	Pages = {169--187},
	Title = {Asymptotic analysis of the exponential penalty trajectory in linear programming},
	Url = {http://dx.doi.org/10.1007/BF01582220},
	Volume = {67},
	Year = {1994},
	Bdsk-Url-1 = {http://dx.doi.org/10.1007/BF01582220}}

@book{Bru06,
	Author = {Brualdi, Richard A.},
	Date-Added = {2018-02-16 08:42:49 +0000},
	Date-Modified = {2018-06-04 18:48:05 +0000},
	Doi = {10.1017/CBO9780511721182},
	Isbn = {978-0-521-86565-4; 0-521-86565-4},
	Mrclass = {05B20 (05C50 15A36 15A57)},
	Mrnumber = {2266203},
	Mrreviewer = {Thomas Britz},
	Pages = {x+544},
	Publisher = {Cambridge University Press, Cambridge},
	Series = {Encyclopedia of Mathematics and its Applications},
	Title = {Combinatorial Matrix Classes},
	Url = {http://dx.doi.org/10.1017/CBO9780511721182},
	Volume = {108},
	Year = {2006},
	Bdsk-Url-1 = {http://dx.doi.org/10.1017/CBO9780511721182}}

@book{Sch03,
	Author = {Schrijver, Alexander},
	Date-Added = {2018-02-16 08:42:49 +0000},
	Date-Modified = {2018-06-04 18:54:56 +0000},
	Isbn = {3-540-44389-4},
	Mrclass = {90-02 (05-02 52B55 68Q25 68R10 90C27 90C35 90C57)},
	Mrnumber = {1956924},
	Mrreviewer = {Alexander I. Barvinok},
	Pages = {xxxviii+647},
	Publisher = {Springer-Verlag, Berlin},
	Series = {Algorithms and Combinatorics},
	Title = {Combinatorial optimization. {P}olyhedra and efficiency. {V}ol. {A}},
	Volume = {24},
	Year = {2003}}

@book{BoyVan04,
	Address = {Cambridge},
	Author = {Boyd, Stephen and Vandenberghe, Lieven},
	Date-Added = {2018-02-16 08:42:49 +0000},
	Date-Modified = {2018-06-04 18:43:37 +0000},
	Isbn = {0-521-83378-7},
	Mrclass = {90-01 (90C05 90C25 90C46 90C51)},
	Mrnumber = {2061575 (2005d:90002)},
	Mrreviewer = {Dan Butnariu},
	Pages = {xiv+716},
	Publisher = {Cambridge University Press},
	Title = {Convex Optimization},
	Year = {2004},
	Bdsk-File-1 = {YnBsaXN0MDDUAQIDBAUGJCVYJHZlcnNpb25YJG9iamVjdHNZJGFyY2hpdmVyVCR0b3ASAAGGoKgHCBMUFRYaIVUkbnVsbNMJCgsMDxJXTlMua2V5c1pOUy5vYmplY3RzViRjbGFzc6INDoACgAOiEBGABIAFgAdccmVsYXRpdmVQYXRoWWFsaWFzRGF0YV8QGy4uL2RvYy9CaWJkZXNrL0JveVZhbjA0LnBkZtIXCxgZV05TLmRhdGFPEQGYAAAAAAGYAAIAAAxNYWNpbnRvc2ggSEQAAAAAAAAAAAAAAAAAAADOl3ODSCsAAAAVtz0MQm95VmFuMDQucGRmAAAAAAAAAAAAAAAAAAAAAAAAAAAAAAAAAAAAAAAAAAAAAAAAAAAAAAAAAAAAAAAAAAAAABW4JMY5j5VQREYgQ0FSTwABAAMAAAkgAAAAAAAAAAAAAAAAAAAAB0JpYmRlc2sAABAACAAAzperwwAAABEACAAAxjnH1QAAAAEAFAAVtz0AFbWUABeEkgAVdAQAAmSOAAIAQU1hY2ludG9zaCBIRDpVc2VyczoAcmlnb2xsZXQ6AERyb3Bib3g6AGRvYzoAQmliZGVzazoAQm95VmFuMDQucGRmAAAOABoADABCAG8AeQBWAGEAbgAwADQALgBwAGQAZgAPABoADABNAGEAYwBpAG4AdABvAHMAaAAgAEgARAASAC9Vc2Vycy9yaWdvbGxldC9Ecm9wYm94L2RvYy9CaWJkZXNrL0JveVZhbjA0LnBkZgAAEwABLwAAFQACAA///wAAgAbSGxwdHlokY2xhc3NuYW1lWCRjbGFzc2VzXU5TTXV0YWJsZURhdGGjHR8gVk5TRGF0YVhOU09iamVjdNIbHCIjXE5TRGljdGlvbmFyeaIiIF8QD05TS2V5ZWRBcmNoaXZlctEmJ1Ryb290gAEACAARABoAIwAtADIANwBAAEYATQBVAGAAZwBqAGwAbgBxAHMAdQB3AIQAjgCsALEAuQJVAlcCXAJnAnACfgKCAokCkgKXAqQCpwK5ArwCwQAAAAAAAAIBAAAAAAAAACgAAAAAAAAAAAAAAAAAAALD},
	Bdsk-Url-1 = {http://www.ams.org/mathscinet-getitem?mr=2061575}}

@article{Bub15,
	Author = {S{\'{e}}bastien Bubeck},
	Bibsource = {dblp computer science bibliography, http://dblp.org},
	Biburl = {http://dblp.uni-trier.de/rec/bib/journals/ftml/Bubeck15},
	Date-Added = {2018-02-16 08:42:49 +0000},
	Date-Modified = {2018-02-16 08:42:49 +0000},
	Doi = {10.1561/2200000050},
	Journal = {Foundations and Trends in Machine Learning},
	Number = {3-4},
	Pages = {231--357},
	Timestamp = {Sat, 20 May 2017 00:22:30 +0200},
	Title = {Convex Optimization: Algorithms and Complexity},
	Url = {https://doi.org/10.1561/2200000050},
	Volume = {8},
	Year = {2015},
	Bdsk-Url-1 = {https://doi.org/10.1561/2200000050},
	Bdsk-Url-2 = {http://dx.doi.org/10.1561/2200000050}}

@article{SolDe-Pey15,
	Author = {Solomon, Justin and De Goes, Fernando and Peyr{\'e}, Gabriel and Cuturi, Marco and Butscher, Adrian and Nguyen, Andy and Du, Tao and Guibas, Leonidas},
	Date-Added = {2018-02-16 08:42:49 +0000},
	Date-Modified = {2018-02-16 08:42:49 +0000},
	Journal = {ACM Transactions on Graphics (TOG)},
	Number = {4},
	Pages = {66},
	Publisher = {ACM},
	Title = {Convolutional Wasserstein distances: Efficient optimal transportation on geometric domains},
	Volume = {34},
	Year = {2015}}

@article{Sin67,
	Author = {Sinkhorn, Richard},
	Date-Added = {2018-02-16 08:42:49 +0000},
	Date-Modified = {2018-02-16 08:42:49 +0000},
	Journal = {The American Mathematical Monthly},
	Number = {4},
	Pages = {402--405},
	Publisher = {JSTOR},
	Title = {Diagonal equivalence to matrices with prescribed row and column sums},
	Volume = {74},
	Year = {1967}}

@book{FanRajTsa97,
	Author = {Fang, S.-C. and Rajasekera, J. R. and Tsao, H.-S. J.},
	Date-Added = {2018-02-16 08:42:49 +0000},
	Date-Modified = {2018-02-16 08:42:49 +0000},
	Isbn = {0-7923-9939-0},
	Mrclass = {90C30 (90-02 94A17)},
	Mrnumber = {1480409},
	Mrreviewer = {John J. Dinkel},
	Pages = {x+343},
	Publisher = {Kluwer Academic Publishers, Boston, MA},
	Series = {International Series in Operations Research \& Management Science},
	Title = {Entropy optimization and mathematical programming},
	Url = {https://doi.org/10.1007/978-1-4615-6131-6},
	Volume = {8},
	Year = {1997},
	Bdsk-Url-1 = {http://mathscinet.ams.org/mathscinet-getitem?mr=1480409}}

@article{RigTsy11,
	Author = {Rigollet, Philippe and Tsybakov, Alexandre},
	Coden = {ASTSC7},
	Date-Added = {2018-02-16 08:42:49 +0000},
	Date-Modified = {2018-02-16 08:42:49 +0000},
	Doi = {10.1214/10-AOS854},
	Fjournal = {The Annals of Statistics},
	Issn = {0090-5364},
	Journal = {Ann. Statist.},
	Mrclass = {62G08 (62C20 62G05 62J05)},
	Mrnumber = {2816337},
	Mrreviewer = {Stephan Morgenthaler},
	Number = {2},
	Pages = {731--771},
	Title = {Exponential screening and optimal rates of sparse estimation},
	Url = {http://dx.doi.org/10.1214/10-AOS854},
	Volume = {39},
	Year = {2011},
	Bdsk-File-1 = {YnBsaXN0MDDUAQIDBAUGJCVYJHZlcnNpb25YJG9iamVjdHNZJGFyY2hpdmVyVCR0b3ASAAGGoKgHCBMUFRYaIVUkbnVsbNMJCgsMDxJXTlMua2V5c1pOUy5vYmplY3RzViRjbGFzc6INDoACgAOiEBGABIAFgAdccmVsYXRpdmVQYXRoWWFsaWFzRGF0YV8QGy4uL2RvYy9CaWJkZXNrL1JpZ1RzeTExLnBkZtIXCxgZV05TLmRhdGFPEQGYAAAAAAGYAAIAAAxNYWNpbnRvc2ggSEQAAAAAAAAAAAAAAAAAAADOl3ODSCsAAAAVtz0MUmlnVHN5MTEucGRmAAAAAAAAAAAAAAAAAAAAAAAAAAAAAAAAAAAAAAAAAAAAAAAAAAAAAAAAAAAAAAAAAAAAABW7tcpu+Q8AAAAAAAAAAAABAAMAAAkgAAAAAAAAAAAAAAAAAAAAB0JpYmRlc2sAABAACAAAzperwwAAABEACAAAym8xTwAAAAEAFAAVtz0AFbWUABeEkgAVdAQAAmSOAAIAQU1hY2ludG9zaCBIRDpVc2VyczoAcmlnb2xsZXQ6AERyb3Bib3g6AGRvYzoAQmliZGVzazoAUmlnVHN5MTEucGRmAAAOABoADABSAGkAZwBUAHMAeQAxADEALgBwAGQAZgAPABoADABNAGEAYwBpAG4AdABvAHMAaAAgAEgARAASAC9Vc2Vycy9yaWdvbGxldC9Ecm9wYm94L2RvYy9CaWJkZXNrL1JpZ1RzeTExLnBkZgAAEwABLwAAFQACAA///wAAgAbSGxwdHlokY2xhc3NuYW1lWCRjbGFzc2VzXU5TTXV0YWJsZURhdGGjHR8gVk5TRGF0YVhOU09iamVjdNIbHCIjXE5TRGljdGlvbmFyeaIiIF8QD05TS2V5ZWRBcmNoaXZlctEmJ1Ryb290gAEACAARABoAIwAtADIANwBAAEYATQBVAGAAZwBqAGwAbgBxAHMAdQB3AIQAjgCsALEAuQJVAlcCXAJnAnACfgKCAokCkgKXAqQCpwK5ArwCwQAAAAAAAAIBAAAAAAAAACgAAAAAAAAAAAAAAAAAAALD},
	Bdsk-Url-1 = {http://www.ams.org/mathscinet-getitem?mr=2816337}}

@article{ChrHer00,
	Author = {Chr\'etien, St\'ephane and Hero, III, Alfred O.},
	Date-Added = {2018-02-16 08:42:49 +0000},
	Date-Modified = {2018-06-04 18:28:53 +0000},
	Doi = {10.1109/18.857792},
	Fjournal = {Institute of Electrical and Electronics Engineers. Transactions on Information Theory},
	Issn = {0018-9448},
	Journal = {IEEE Trans. Inform. Theory},
	Mrclass = {94A08},
	Mrnumber = {1790321},
	Number = {5},
	Pages = {1800--1810},
	Title = {Kullback proximal algorithms for maximum-likelihood estimation},
	Url = {http://dx.doi.org/10.1109/18.857792},
	Volume = {46},
	Year = {2000},
	Bdsk-Url-1 = {http://dx.doi.org/10.1109/18.857792}}

@article{JudRigTsy08,
	Author = {Juditsky, Anatoli and Rigollet, Philippe and Tsybakov, Alexandre},
	Coden = {ASTSC7},
	Date-Added = {2018-02-16 08:42:49 +0000},
	Date-Modified = {2018-02-16 08:42:49 +0000},
	Fjournal = {The Annals of Statistics},
	Issn = {0090-5364},
	Journal = {Ann. Statist.},
	Mrclass = {62G08 (62C20 62G05 62G20)},
	Mrnumber = {MR2458184},
	Number = {5},
	Pages = {2183--2206},
	Title = {Learning by mirror averaging},
	Volume = {36},
	Year = {2008},
	Bdsk-File-1 = {YnBsaXN0MDDUAQIDBAUGJCVYJHZlcnNpb25YJG9iamVjdHNZJGFyY2hpdmVyVCR0b3ASAAGGoKgHCBMUFRYaIVUkbnVsbNMJCgsMDxJXTlMua2V5c1pOUy5vYmplY3RzViRjbGFzc6INDoACgAOiEBGABIAFgAdccmVsYXRpdmVQYXRoWWFsaWFzRGF0YV8QHy4uL2RvYy9CaWJkZXNrL0p1ZFJpZ1RzeTA4YS5wZGbSFwsYGVdOUy5kYXRhTxEBqAAAAAABqAACAAAMTWFjaW50b3NoIEhEAAAAAAAAAAAAAAAAAAAAzpdzg0grAAAAFbc9EEp1ZFJpZ1RzeTA4YS5wZGYAAAAAAAAAAAAAAAAAAAAAAAAAAAAAAAAAAAAAAAAAAAAAAAAAAAAAAAAAAAAAAAAVuUDHHgNhAAAAAAAAAAAAAQADAAAJIAAAAAAAAAAAAAAAAAAAAAdCaWJkZXNrAAAQAAgAAM6Xq8MAAAARAAgAAMceSbEAAAABABQAFbc9ABW1lAAXhJIAFXQEAAJkjgACAEVNYWNpbnRvc2ggSEQ6VXNlcnM6AHJpZ29sbGV0OgBEcm9wYm94OgBkb2M6AEJpYmRlc2s6AEp1ZFJpZ1RzeTA4YS5wZGYAAA4AIgAQAEoAdQBkAFIAaQBnAFQAcwB5ADAAOABhAC4AcABkAGYADwAaAAwATQBhAGMAaQBuAHQAbwBzAGgAIABIAEQAEgAzVXNlcnMvcmlnb2xsZXQvRHJvcGJveC9kb2MvQmliZGVzay9KdWRSaWdUc3kwOGEucGRmAAATAAEvAAAVAAIAD///AACABtIbHB0eWiRjbGFzc25hbWVYJGNsYXNzZXNdTlNNdXRhYmxlRGF0YaMdHyBWTlNEYXRhWE5TT2JqZWN00hscIiNcTlNEaWN0aW9uYXJ5oiIgXxAPTlNLZXllZEFyY2hpdmVy0SYnVHJvb3SAAQAIABEAGgAjAC0AMgA3AEAARgBNAFUAYABnAGoAbABuAHEAcwB1AHcAhACOALAAtQC9AmkCawJwAnsChAKSApYCnQKmAqsCuAK7As0C0ALVAAAAAAAAAgEAAAAAAAAAKAAAAAAAAAAAAAAAAAAAAtc=},
	Bdsk-Url-1 = {http://ams.org/mathscinet-getitem?mr=2458184}}

@article{HelWar09,
	Author = {Helmbold, David P and Warmuth, Manfred K},
	Date-Added = {2018-02-16 08:42:49 +0000},
	Date-Modified = {2018-02-16 08:42:49 +0000},
	Journal = {Journal of Machine Learning Research},
	Number = {Jul},
	Pages = {1705--1736},
	Title = {Learning permutations with exponential weights},
	Volume = {10},
	Year = {2009}}

@inproceedings{CohMadTsi17,
	Author = {Michael B. Cohen and Aleksander M\k{a}dry and Dimitris Tsipras and Adrian Vladu},
	Bibsource = {dblp computer science bibliography, http://dblp.org},
	Biburl = {http://dblp.org/rec/bib/conf/focs/CohenMTV17},
	Booktitle = {58th {IEEE} Annual Symposium on Foundations of Computer Science, {FOCS} 2017, Berkeley, CA, USA, October 15-17, 2017},
	Crossref = {DBLP:conf/focs/2017},
	Date-Added = {2018-02-16 08:42:49 +0000},
	Date-Modified = {2018-06-04 19:04:52 +0000},
	Doi = {10.1109/FOCS.2017.88},
	Pages = {902--913},
	Timestamp = {Thu, 16 Nov 2017 15:09:35 +0100},
	Title = {Matrix Scaling and Balancing via Box Constrained Newton's Method and Interior Point Methods},
	Url = {https://doi.org/10.1109/FOCS.2017.88},
	Year = {2017},
	Bdsk-Url-1 = {https://doi.org/10.1109/FOCS.2017.88},
	Bdsk-Url-2 = {http://dx.doi.org/10.1109/FOCS.2017.88}}

@inproceedings{AllLiOli17,
	Author = {Zeyuan Allen{-}Zhu and Yuanzhi Li and Rafael Oliveira and Avi Wigderson},
	Bibsource = {dblp computer science bibliography, http://dblp.org},
	Biburl = {http://dblp.org/rec/bib/conf/focs/Allen-ZhuLOW17},
	Booktitle = {58th {IEEE} Annual Symposium on Foundations of Computer Science, {FOCS} 2017, Berkeley, CA, USA, October 15-17, 2017},
	Crossref = {DBLP:conf/focs/2017},
	Date-Added = {2018-02-16 08:42:49 +0000},
	Date-Modified = {2018-02-16 08:42:49 +0000},
	Doi = {10.1109/FOCS.2017.87},
	Pages = {890--901},
	Timestamp = {Thu, 16 Nov 2017 15:09:35 +0100},
	Title = {Much Faster Algorithms for Matrix Scaling},
	Url = {https://doi.org/10.1109/FOCS.2017.87},
	Year = {2017},
	Bdsk-Url-1 = {https://doi.org/10.1109/FOCS.2017.87},
	Bdsk-Url-2 = {http://dx.doi.org/10.1109/FOCS.2017.87}}

@inproceedings{AltWeeRig17,
	Author = {Jason Altschuler and Jonathan Weed and Philippe Rigollet},
	Bibsource = {dblp computer science bibliography, http://dblp.org},
	Biburl = {http://dblp.org/rec/bib/conf/nips/AltschulerWR17},
	Booktitle = {Advances in Neural Information Processing Systems 30: Annual Conference on Neural Information Processing Systems 2017, 4-9 December 2017, Long Beach, CA, {USA}},
	Crossref = {nips17},
	Date-Added = {2018-02-16 08:42:49 +0000},
	Date-Modified = {2018-02-16 08:42:49 +0000},
	Pages = {1961--1971},
	Timestamp = {Mon, 27 Nov 2017 12:38:48 +0100},
	Title = {Near-linear time approximation algorithms for optimal transport via Sinkhorn iteration},
	Url = {http://papers.nips.cc/paper/6792-near-linear-time-approximation-algorithms-for-optimal-transport-via-sinkhorn-iteration},
	Year = {2017},
	Bdsk-Url-1 = {http://papers.nips.cc/paper/6792-near-linear-time-approximation-algorithms-for-optimal-transport-via-sinkhorn-iteration}}

@article{Jay82,
	Author = {Jaynes, Edwin T},
	Date-Added = {2018-02-16 08:42:49 +0000},
	Date-Modified = {2018-02-16 08:42:49 +0000},
	Journal = {Proceedings of the IEEE},
	Number = {9},
	Pages = {939--952},
	Publisher = {IEEE},
	Title = {On the rationale of maximum-entropy methods},
	Volume = {70},
	Year = {1982}}

@book{CesLug06,
	Address = {Cambridge},
	Author = {Cesa-Bianchi, Nicol{{\`o}} and Lugosi, G{{\'a}}bor},
	Date-Added = {2018-02-16 08:42:49 +0000},
	Date-Modified = {2018-06-04 18:48:23 +0000},
	Doi = {10.1017/CBO9780511546921},
	Isbn = {978-0-521-84108-5; 0-521-84108-9},
	Mrclass = {91-02 (60G25 62H30 68T05)},
	Mrnumber = {2409394 (2009g:91006)},
	Mrreviewer = {David S. Leslie},
	Pages = {xii+394},
	Publisher = {Cambridge University Press},
	Title = {Prediction, Learning, and Games},
	Url = {http://dx.doi.org/10.1017/CBO9780511546921},
	Year = {2006},
	Bdsk-Url-1 = {http://www.ams.org/mathscinet-getitem?mr=2409394}}

@inproceedings{Cut13,
	Author = {Marco Cuturi},
	Bibsource = {dblp computer science bibliography, http://dblp.org},
	Biburl = {http://dblp.uni-trier.de/rec/bib/conf/nips/Cuturi13},
	Booktitle = {Advances in Neural Information Processing Systems 26: 27th Annual Conference on Neural Information Processing Systems 2013. Proceedings of a meeting held December 5-8, 2013, Lake Tahoe, Nevada, United States.},
	Crossref = {zzzDBLP:conf/nips/2013},
	Date-Added = {2018-02-16 08:42:49 +0000},
	Date-Modified = {2018-02-16 08:42:49 +0000},
	Pages = {2292--2300},
	Timestamp = {Fri, 31 Jan 2014 12:11:40 +0100},
	Title = {Sinkhorn Distances: Lightspeed Computation of Optimal Transport},
	Url = {http://papers.nips.cc/paper/4927-sinkhorn-distances-lightspeed-computation-of-optimal-transport},
	Year = {2013},
	Bdsk-Url-1 = {http://papers.nips.cc/paper/4927-sinkhorn-distances-lightspeed-computation-of-optimal-transport}}

@article{Sch31,
	Author = {Erwin Schr\"odinger},
	Date-Added = {2018-02-16 08:42:49 +0000},
	Date-Modified = {2018-02-16 08:42:49 +0000},
	Journal = {Angewandte Chemie},
	Number = {30},
	Pages = {636--636},
	Publisher = {WILEY-VCH Verlag GmbH},
	Title = {\"{U}ber die {U}mkehrung der {N}aturgesetze.},
	Volume = {44},
	Year = {1931},
	Bdsk-Url-1 = {http://dx.doi.org/10.1002/ange.19310443014}}

@proceedings{DBLP:conf/focs/2017,
	Bibsource = {dblp computer science bibliography, http://dblp.org},
	Biburl = {http://dblp.org/rec/bib/conf/focs/2017},
	Date-Added = {2018-02-16 08:42:49 +0000},
	Date-Modified = {2018-02-16 08:42:49 +0000},
	Editor = {Chris Umans},
	Isbn = {978-1-5386-3464-6},
	Publisher = {{IEEE} Computer Society},
	Timestamp = {Thu, 16 Nov 2017 15:01:42 +0100},
	Title = {58th {IEEE} Annual Symposium on Foundations of Computer Science, {FOCS} 2017, Berkeley, CA, USA, October 15-17, 2017},
	Url = {http://ieeexplore.ieee.org/xpl/mostRecentIssue.jsp?punumber=8100284},
	Year = {2017},
	Bdsk-Url-1 = {http://ieeexplore.ieee.org/xpl/mostRecentIssue.jsp?punumber=8100284}}

@proceedings{nips17,
	Bibsource = {dblp computer science bibliography, http://dblp.org},
	Biburl = {http://dblp.org/rec/bib/conf/nips/2017},
	Date-Added = {2018-02-16 08:45:36 +0000},
	Date-Modified = {2018-02-16 08:45:36 +0000},
	Editor = {Isabelle Guyon and Ulrike von Luxburg and Samy Bengio and Hanna M. Wallach and Rob Fergus and S. V. N. Vishwanathan and Roman Garnett},
	Timestamp = {Mon, 27 Nov 2017 12:38:16 +0100},
	Title = {Advances in Neural Information Processing Systems 30: Annual Conference on Neural Information Processing Systems 2017, 4-9 December 2017, Long Beach, CA, {USA}},
	Year = {2017}}

@proceedings{zzzDBLP:conf/nips/2013,
	Bibsource = {dblp computer science bibliography, http://dblp.org},
	Biburl = {http://dblp.uni-trier.de/rec/bib/conf/nips/2013},
	Date-Added = {2018-02-16 08:45:36 +0000},
	Date-Modified = {2018-02-16 08:45:36 +0000},
	Editor = {Christopher J. C. Burges and L{\'{e}}on Bottou and Zoubin Ghahramani and Kilian Q. Weinberger},
	Timestamp = {Fri, 31 Jan 2014 12:11:40 +0100},
	Title = {Advances in Neural Information Processing Systems 26: 27th Annual Conference on Neural Information Processing Systems 2013. Proceedings of a meeting held December 5-8, 2013, Lake Tahoe, Nevada, United States},
	Url = {http://papers.nips.cc/book/advances-in-neural-information-processing-systems-26-2013},
	Year = {2013},
	Bdsk-Url-1 = {http://papers.nips.cc/book/advances-in-neural-information-processing-systems-26-2013}}

@proceedings{zzzDBLP:conf/nips/2016,
	Bibsource = {dblp computer science bibliography, http://dblp.org},
	Biburl = {http://dblp.org/rec/bib/conf/nips/2016},
	Date-Added = {2018-02-16 08:45:36 +0000},
	Date-Modified = {2018-02-16 08:45:36 +0000},
	Editor = {Daniel D. Lee and Masashi Sugiyama and Ulrike von Luxburg and Isabelle Guyon and Roman Garnett},
	Timestamp = {Fri, 03 Mar 2017 14:59:41 +0100},
	Title = {Advances in Neural Information Processing Systems 29: Annual Conference on Neural Information Processing Systems 2016, December 5-10, 2016, Barcelona, Spain},
	Url = {http://papers.nips.cc/book/advances-in-neural-information-processing-systems-29-2016},
	Year = {2016},
	Bdsk-Url-1 = {http://papers.nips.cc/book/advances-in-neural-information-processing-systems-29-2016}}
