@article{pinkus1999review,
  title={{Approximation theory of the MLP model in neural networks}},
  author={Pinkus, Allan},
  journal={Acta Numerica},
  volume={8},
  pages={143--195},
  year={1999},
  publisher={Cambridge Univ Press}
}

@article{dawson2006solovay,
  title={{The Solovay-Kitaev algorithm}},
  author={Dawson, CM and Nielsen, MA},
  journal={Quantum Information and Computation},
  volume={6},
  number={1},
  pages={81--95},
  year={2006},
  publisher={Rinton Press}
}

@book{Kitaev:2002,
 author = {Kitaev, A. Yu. and Shen, A. H. and Vyalyi, M. N.},
 title = {Classical and Quantum Computation},
 year = {2002},
 isbn = {0821832298},
 publisher = {American Mathematical Society},
 address = {Boston, MA, USA},
} 

@article{schmidhuber2015deep,
  title={Deep learning in neural networks: An overview},
  author={Schmidhuber, J{\"u}rgen},
  journal={Neural Networks},
  volume={61},
  pages={85--117},
  year={2015},
  publisher={Elsevier}
}

@article{lecun2015deep,
  title={Deep learning},
  author={LeCun, Yann and Bengio, Yoshua and Hinton, Geoffrey},
  journal={Nature},
  volume={521},
  number={7553},
  pages={436--444},
  year={2015},
  publisher={Nature Publishing Group}
}

@inproceedings{delalleau2011shallow,
  title={Shallow vs. deep sum-product networks},
  author={Delalleau, Olivier and Bengio, Yoshua},
  booktitle={Advances in Neural Information Processing Systems},
  pages={666--674},
  year={2011}
}

@article{raghu2016expressive,
  title={On the expressive power of deep neural networks},
  author={Raghu, Maithra and Poole, Ben and Kleinberg, Jon and Ganguli, Surya and Sohl-Dickstein, Jascha},
  journal={arXiv preprint arXiv:1606.05336},
  year={2016}
}

@inproceedings{montufar2014number,
  title={On the number of linear regions of deep neural networks},
  author={Montufar, Guido F and Pascanu, Razvan and Cho, Kyunghyun and Bengio, Yoshua},
  booktitle={Advances in neural information processing systems},
  pages={2924--2932},
  year={2014}
}

@article{bianchini2014complexity,
  title={On the complexity of neural network classifiers: A comparison between shallow and deep architectures},
  author={Bianchini, Monica and Scarselli, Franco},
  journal={IEEE transactions on neural networks and learning systems},
  volume={25},
  number={8},
  pages={1553--1565},
  year={2014},
  publisher={IEEE}
}

@article{telgarsky2015representation,
  title={Representation Benefits of Deep Feedforward Networks},
  author={Telgarsky, Matus},
  journal={arXiv preprint arXiv:1509.08101},
  year={2015}
}

@article{telgarsky2016benefits,
  title={Benefits of depth in neural networks},
  author={Telgarsky, Matus},
  journal={arXiv preprint arXiv:1602.04485},
  year={2016}
}

@article{warren1968lower,
  title={Lower bounds for approximation by nonlinear manifolds},
  author={Warren, Hugh E},
  journal={Transactions of the American Mathematical Society},
  volume={133},
  number={1},
  pages={167--178},
  year={1968},
  publisher={JSTOR}
}

@article{mhaskar2016learning,
  title={Learning Real and Boolean Functions: When Is Deep Better Than Shallow},
  author={Mhaskar, Hrushikesh and Liao, Qianli and Poggio, Tomaso},
  journal={arXiv preprint arXiv:1603.00988},
  year={2016}
}

@article{mhaskar2016deep,
  title={Deep vs. shallow networks: An approximation theory perspective},
  author={Mhaskar, Hrushikesh and Poggio, Tomaso},
  journal={arXiv preprint arXiv:1608.03287},
  year={2016}
}

@article{mhaskar1996neural,
  title={Neural networks for optimal approximation of smooth and analytic functions},
  author={Mhaskar, HN},
  journal={Neural Computation},
  volume={8},
  number={1},
  pages={164--177},
  year={1996},
  publisher={MIT Press}
}

@incollection{vapnik2015uniform,
  title={On the uniform convergence of relative frequencies of events to their probabilities},
  author={Vapnik, Vladimir N and Chervonenkis, A Ya},
  booktitle={Measures of Complexity},
  pages={11--30},
  year={2015},
  publisher={Springer}
}

@article{goldberg1995bounding,
  title={{Bounding the Vapnik-Chervonenkis dimension of concept classes parameterized by real numbers}},
  author={Goldberg, Paul W and Jerrum, Mark R},
  journal={Machine Learning},
  volume={18},
  number={2-3},
  pages={131--148},
  year={1995},
  publisher={Springer}
}

@article{bartlett1998almost,
  title={{Almost linear VC-dimension bounds for piecewise polynomial networks}},
  author={Bartlett, Peter L and Maiorov, Vitaly and Meir, Ron},
  journal={Neural computation},
  volume={10},
  number={8},
  pages={2159--2173},
  year={1998},
  publisher={MIT Press}
}

@book{anthony2009neural,
  title={{Neural network learning: Theoretical foundations}},
  author={Anthony, Martin and Bartlett, Peter L},
  year={2009},
  publisher={Cambridge university press}
}

@inproceedings{sakurai1999tight,
  title={{Tight Bounds for the VC-Dimension of Piecewise Polynomial Networks}},
  author={Sakurai, Akito},
  booktitle={Advances in Neural Information Processing Systems},
  pages={323--329},
  year={1999}
}

@inproceedings{kearns1990efficient,
  title={Efficient distribution-free learning of probabilistic concepts},
  author={Kearns, Michael J and Schapire, Robert E},
  booktitle={Foundations of Computer Science, 1990. Proceedings., 31st Annual Symposium on},
  pages={382--391},
  year={1990},
  organization={IEEE}
}

@article{cohen2015expressive,
  title={On the Expressive Power of Deep Learning: A Tensor Analysis},
  author={Cohen, Nadav and Sharir, Or and Shashua, Amnon},
  journal={arXiv preprint arXiv:1509.05009},
  year={2015}
}

@article{liang2016why,
  title={Why Deep Neural Networks?},
  author={Shiyu Liang and R. Srikant},
  journal={arXiv preprint arXiv:1610.04161},
  year={2016}
}

@article{yarotsky2016error_v1,
  title={{Error bounds for approximations with deep ReLU networks}},
  author={Yarotsky, Dmitry},
  journal={arXiv preprint arXiv:1610.01145v1},
  year={2016}
}

@article{yarotsky2016error_v3,
  title={{Error bounds for approximations with deep ReLU networks}},
  author={Yarotsky, Dmitry},
  journal={arXiv preprint arXiv:1610.01145v3},
  note={Submitted to {\it Neural Networks}},
  year={2016}
}

@article{devore1989optimal,
  title={Optimal nonlinear approximation},
  author={DeVore, Ronald A and Howard, Ralph and Micchelli, Charles},
  journal={Manuscripta mathematica},
  volume={63},
  number={4},
  pages={469--478},
  year={1989},
  publisher={Springer Berlin/Heidelberg}
}

@article{shannon1949synthesis,
  title={The synthesis of two-terminal switching circuits},
  author={Shannon, Claude},
  journal={Bell Labs Technical Journal},
  volume={28},
  number={1},
  pages={59--98},
  year={1949},
  publisher={Wiley Online Library}
}

@article{kainen1999approximation,
  title={Approximation by neural networks is not continuous},
  author={Kainen, Paul C and K\r{u}rkov{\'a}, V{\v{e}}ra and Vogt, Andrew},
  journal={Neurocomputing},
  volume={29},
  number={1},
  pages={47--56},
  year={1999},
  publisher={Elsevier}
}

@article{maiorov2000near,
  title={On the near optimality of the stochastic approximation of smooth functions by neural networks},
  author={Maiorov, VE and Meir, Ron},
  journal={Advances in Computational Mathematics},
  volume={13},
  number={1},
  pages={79--103},
  year={2000},
  publisher={Springer}
}

@article{mhaskar1993approximation,
  title={Approximation properties of a multilayered feedforward artificial neural network},
  author={Mhaskar, Hrushikesh Narhar},
  journal={Advances in Computational Mathematics},
  volume={1},
  number={1},
  pages={61--80},
  year={1993},
  publisher={Springer}
}

@article{safran2016depth,
  title={Depth separation in relu networks for approximating smooth non-linear functions},
  author={Safran, Itay and Shamir, Ohad},
  journal={arXiv preprint arXiv:1610.09887},
  year={2016}
}

@inproceedings{lu2017expressive,
  title={The Expressive Power of Neural Networks: A View from the Width},
  author={Lu, Zhou and Pu, Hongming and Wang, Feicheng and Hu, Zhiqiang and Wang, Liwei},
  booktitle={Advances in Neural Information Processing Systems},
  pages={6232--6240},
  year={2017}
}

@article{bartlett2017nearly,
  title={Nearly-tight VC-dimension and pseudodimension bounds for piecewise linear neural networks},
  author={Bartlett, Peter L and Harvey, Nick and Liaw, Chris and Mehrabian, Abbas},
  journal={arXiv preprint arXiv:1703.02930},
  year={2017}
}

@article{petersen2017optimal,
  title={Optimal approximation of piecewise smooth functions using deep ReLU neural networks},
  author={Petersen, Philipp and Voigtlaender, Felix},
  journal={arXiv preprint arXiv:1709.05289},
  year={2017}
}

@article{hanin2017universal,
  title={{Universal function approximation by deep neural nets with bounded width and ReLU activations}},
  author={Hanin, Boris},
  journal={arXiv preprint arXiv:1708.02691},
  year={2017}
}

@inproceedings{he2016deep,
  title={Deep residual learning for image recognition},
  author={He, Kaiming and Zhang, Xiangyu and Ren, Shaoqing and Sun, Jian},
  booktitle={Proceedings of the IEEE conference on computer vision and pattern recognition},
  pages={770--778},
  year={2016}
}

@article{devore1998nonlinear,
  title={Nonlinear approximation},
  author={DeVore, Ronald A},
  journal={Acta numerica},
  volume={7},
  pages={51--150},
  year={1998},
  publisher={Cambridge University Press}
}

@article{srivastava2015highway,
  title={Highway networks},
  author={Srivastava, Rupesh Kumar and Greff, Klaus and Schmidhuber, J{\"u}rgen},
  journal={arXiv preprint arXiv:1505.00387},
  year={2015}
}

@inproceedings{bolcskei2017memory,
  title={Memory-optimal neural network approximation},
  author={B{\"o}lcskei, Helmut and Grohs, Philipp and Kutyniok, Gitta and Petersen, Philipp},
  booktitle={Wavelets and Sparsity XVII},
  volume={10394},
  pages={103940Q},
  year={2017},
  organization={International Society for Optics and Photonics}
}

@ARTICLE{schmidthieber2017nonparametric,
   author = {{Schmidt-Hieber}, J.},
    title = "{Nonparametric regression using deep neural networks with ReLU activation function}",
  journal = {arXiv preprint arXiv:1708.06633},
     year = 2017
}

@article{yarotsky2017nn,
  title={{Error bounds for approximations with deep ReLU networks}},
  author={Yarotsky, Dmitry},
  journal={Neural Networks},
  volume={94},
  pages={103--114},
  year={2017}
}

@article{hanin2017approximating,
  title={{Approximating Continuous Functions by ReLU Nets of Minimal Width}},
  author={Hanin, Boris and Sellke, Mark},
  journal={arXiv preprint arXiv:1710.11278},
  year={2017}
}
