@inproceedings{DBLP:conf/focs/Raz16,
  author    = {Ran Raz},
  title     = {Fast Learning Requires Good Memory: {A} Time-Space Lower Bound for
               Parity Learning},
  booktitle = {Proceedings, 57th Annual {IEEE} Symposium on Foundations of Computer Science, {FOCS}
               2016, New Brunswick, New Jersey,
               {USA}},
  pages     = {266--275},
  month     ={October},
  year      = {2016},
  url       = {http://dx.doi.org/10.1109/FOCS.2016.36},
  doi       = {10.1109/FOCS.2016.36}}
}
@techreport{DBLP:journals/eccc/KolRT16,
  author    = {Gillat Kol and
               Ran Raz and
               Avishay Tal},
  title     = {Time-Space Hardness of Learning Sparse Parities},
  institution   = {Electronic Colloquium on Computational Complexity {(ECCC)}},
  number={TR16-113},
  year      = {2016},
  url       = {http://eccc.hpi-web.de/report/2016/113},
  timestamp = {Tue, 26 Jul 2016 16:40:28 +0200},
  biburl    = {http://dblp.uni-trier.de/rec/bib/journals/eccc/KolRT16},
  bibsource = {dblp computer science bibliography, http://dblp.org}
}

@inproceedings{DBLP:conf/stoc/KolRT17,
  author    = {Gillat Kol and
               Ran Raz and
               Avishay Tal},
  title     = {Time-space hardness of learning sparse parities},
  booktitle = {Proceedings of the 49th Annual {ACM} {SIGACT} Symposium on Theory
               of Computing, {STOC} 2017, Montreal, QC, Canada, June 19-23, 2017},
  pages     = {1067--1080},
  year      = {2017},
  url       = {http://doi.acm.org/10.1145/3055399.3055430}}

@article{DBLP:journals/eccc/Raz17,
  author    = {Ran Raz},
  title     = {A Time-Space Lower Bound for a Large Class of Learning Problems},
  journal   = {Electronic Colloquium on Computational Complexity {(ECCC)}},
  volume    = {24},
  pages     = {20},
  year      = {2017},
  url       = {https://eccc.weizmann.ac.il/report/2017/020},
  timestamp = {Tue, 14 Feb 2017 12:01:17 +0100},
  biburl    = {http://dblp.uni-trier.de/rec/bib/journals/eccc/Raz17},
  bibsource = {dblp computer science bibliography, http://dblp.org}
}

@inproceedings{DBLP:conf/focs/Raz17,
  author    = {Ran Raz},
  title     = {A Time-Space Lower Bound for a Large Class of Learning Problems},
  booktitle = {Proceedings, 58th Annual {IEEE} Symposium on Foundations of Computer Science, {FOCS}
               2017, Berkeley, California,
               {USA}},
  pages     = {732--742},
  month     ={October},
  year      = {2017}}


@techreport{DBLP:journals/eccc/MoshkovitzM17,
  author    = {Michal Moshkovitz and
               Dana Moshkovitz},
  title     = {Mixing Implies Lower Bounds for Space Bounded Learning},
  institution   = {Electronic Colloquium on Computational Complexity {(ECCC)}},
  number    = {TR17-24},
  year      = {2017},
  url       = {https://eccc.weizmann.ac.il/report/2017/017},
  timestamp = {Tue, 14 Feb 2017 12:01:17 +0100},
  biburl    = {http://dblp.uni-trier.de/rec/bib/journals/eccc/MoshkovitzM17},
  bibsource = {dblp computer science bibliography, http://dblp.org}
}


@inproceedings{DBLP:conf/colt/MoshkovitzM17,
  author    = {Dana Moshkovitz and
               Michal Moshkovitz},
  title     = {Mixing Implies Lower Bounds for Space Bounded Learning},
  booktitle = {Proceedings of the 30th Conference on Learning Theory, {COLT} 2017,
               Amsterdam, The Netherlands, 7-10 July 2017},
  pages     = {1516--1566},
  year      = {2017},
  url       = {http://proceedings.mlr.press/v65/moshkovitz17a.html}}

@article{DBLP:journals/tit/KaufmanLP12,
  author    = {Tali Kaufman and
               Shachar Lovett and
               Ely Porat},
  title     = {Weight Distribution and List-Decoding Size of {Reed-Muller} Codes},
  journal   = {{IEEE} Trans. Information Theory},
  volume    = {58},
  number    = {5},
  pages     = {2689--2696},
  year      = {2012},
  doi       = {10.1109/TIT.2012.2184841}}
  
@book{berlekamp2015algebraic,
  title={Algebraic Coding Theory},
  author={Berlekamp, Elwyn R},
  year={2015},
  publisher={World Scientific Publishing Co}
}

@book{berlekamp-book,
  title={Algebraic Coding Theory},
  author={Berlekamp, Elwyn R},
  year={1968},
  publisher={McGraw-Hill}
}


@techreport{kasami1966weight,
  title={Weight distributions of {Bose-Chaudhuri-Hocquenghem} codes},
  author={Kasami, Tadao},
  number={R-317},
  year={1966},
  institution={Coordinated Science Laboratory, University of Illinois at Urbana-Champaign}
}

@article{DBLP:journals/tit/SloaneB70,
  author    = {Neil J. A. Sloane and
               Elwyn R. Berlekamp},
  title     = {Weight enumerator for second-order {Reed-Muller} codes},
  journal   = {{IEEE} Trans. Information Theory},
  volume    = {16},
  number    = {6},
  pages     = {745--751},
  year      = {1970},
  doi       = {10.1109/TIT.1970.1054553}}
}

@phdthesis{mceliece1967linear,
  title={Linear recurring sequences over finite fields},
  author={McEliece, Robert James},
  year={1967},
  school={California Institute of Technology}
}

@book{dickson:book,
  title={Linear Groups with an Exposition of the {Galois} Field Theory},
  author={Leonard E. Dickson},
  year={1901},
  publisher={B.G. Trubner},
  address={Leipzig}}
  
@techreport{MoshkovitzM17new,
  author    = {Michal Moshkovitz and
               Dana Moshkovitz},
  title     = {Mixing Implies Strong Lower Bounds for Space Bounded Learning},
  institution   = {Electronic Colloquium on Computational Complexity {(ECCC)}},
  number={TR17-116},
  year      = {2017}
}

@inproceedings{DBLP:conf/innovations/MoshkovitzM18,
  author    = {Dana Moshkovitz and
               Michal Moshkovitz},
  title     = {Entropy Samplers and Strong Generic Lower Bounds For Space Bounded
               Learning},
  booktitle = {9th Innovations in Theoretical Computer Science Conference, {ITCS}
               2018, January 11-14, 2018, Cambridge, MA, {USA}},
  pages     = {28:1--28:20},
  year      = {2018},
  url       = {https://doi.org/10.4230/LIPIcs.ITCS.2018.28}}

@inproceedings{bl:reed-muller-small,
  author    = {Abhishek Bhowmick and
               Shachar Lovett},
  title     = {The List Decoding Radius of Reed-Muller Codes over Small Fields},
  booktitle = {Proceedings of the Forty-Seventh Annual {ACM} on Symposium on Theory
               of Computing, {STOC} 2015, Portland, OR, USA},
  pages     = {277--285},
  year      = {2015},
  url       = {http://doi.acm.org/10.1145/2746539.2746543},
  doi       = {10.1145/2746539.2746543},
}

@inproceedings{DBLP:conf/nips/Shamir14,
  author    = {Ohad Shamir},
  title     = {Fundamental Limits of Online and Distributed Algorithms for Statistical
               Learning and Estimation},
  booktitle = {Advances in Neural Information Processing Systems 27: Annual Conference
               on Neural Information Processing Systems 2014},
address={Montreal, Quebec, Canada},
  pages     = {163--171},
  year      = {2014},
  url       = {https://arxiv.org/pdf/1311.3494.pdf},
}
http://papers.nips.cc/paper/5386-fundamental-limits-of-online-and-distributed-algorithms-for-statistical-learning-and-estimation},

@inproceedings{DBLP:conf/colt/SteinhardtVW16,
  author    = {Jacob Steinhardt and
               Gregory Valiant and
               Stefan Wager},
  title     = {Memory, Communication, and Statistical Queries},
  booktitle = {Proceedings of the 29th Conference on Learning Theory, {COLT} 2016,
               New York, USA},
  pages     = {1490--1516},
  year      = {2016},
  url       = {http://jmlr.org/proceedings/papers/v49/steinhardt16.html},
}

@techreport{grt:extractor-learn,
  author   = {Sumegha Garg and Ran Raz and Avishay Tal},
  title    = {Extractor-Based Time-Space Tradeoffs for Learning},
  institution   = {Electronic Colloquium on Computational Complexity {(ECCC)}},
  number={TR17-121},
  year      = {2017}}
  
@techreport{bogy:quadlearn-tr,
  author={Beame, Paul and Oveis Gharan, Shayan and Yang, Xin},
  title={Time-Space Tradeoffs for Learning from Small Test Spaces: Learning Low Degree Polynomial Functions},
  institution   = {Electronic Colloquium on Computational Complexity {(ECCC)}},
  number={TR17-120},
  year      = {2017}}

@article{DBLP:journals/cc/Ben-EliezerHL12,
  author    = {Ido Ben{-}Eliezer and
               Rani Hod and
               Shachar Lovett},
  title     = {Random low-degree polynomials are hard to approximate},
  journal   = {Computational Complexity},
  volume    = {21},
  number    = {1},
  pages     = {63--81},
  year      = {2012},
  url       = {https://doi.org/10.1007/s00037-011-0020-6}}

@article{DBLP:journals/corr/0001L15,
  author    = {Abhishek Bhowmick and
               Shachar Lovett},
  title     = {Bias vs structure of polynomials in large fields, and applications
               in effective algebraic geometry and coding theory},
  journal   = {CoRR},
  volume    = {abs/1506.02047},
  year      = {2015},
  url       = {http://arxiv.org/abs/1506.02047}}

  
@book{lidl1994introduction,
  title={Introduction to finite fields and their applications},
  author={Lidl, Rudolf and Niederreiter, Harald},
  year={1994},
  publisher={Cambridge university press}
}

@book{ireland2013classical,
  title={A classical introduction to modern number theory},
  author={Ireland, Kenneth and Rosen, Michael},
  volume={84},
  year={2013},
  publisher={Springer Science \& Business Media}
}
@inproceedings{kaufman2008worst,
  title={Worst case to average case reductions for polynomials},
  author={Kaufman, Tali and Lovett, Shachar},
  booktitle={Foundations of Computer Science, 2008. FOCS'08. IEEE 49th Annual IEEE Symposium on},
  pages={166--175},
  year={2008},
  organization={IEEE}
}
@article{keevash2005set,
  title={Set systems with restricted cross-intersections and the minimum rank ofinclusion matrices},
  author={Keevash, Peter and Sudakov, Benny},
  journal={SIAM Journal on Discrete Mathematics},
  volume={18},
  number={4},
  pages={713--727},
  year={2005},
  publisher={SIAM}
}

@inproceedings{haramaty2010structure,
  title={On the structure of cubic and quartic polynomials},
  author={Haramaty, Elad and Shpilka, Amir},
  booktitle={Proceedings of the Forty-Second Annual {ACM} Symposium on Theory of Computing, {STOC} 2010, Cambridge, MA, USA},
  pages={331--340},
  year={2010},
}

@article{green2007distribution,
  title={The distribution of polynomials over finite fields, with applications to the Gowers norms},
  author={Green, Ben and Tao, Terence},
  journal={arXiv preprint arXiv:0711.3191},
  year={2007}
}

@inproceedings{grt:extractor-learn-stoc,
  author   = {Sumegha Garg and Ran Raz and Avishay Tal},
  title    = {Extractor-Based Time-Space Lower Bounds for Learning},
  booktitle = {Proceedings of the Fiftieth Annual {ACM} on Symposium on Theory
               of Computing, {STOC} 2018, Los Angeles, CA, USA},
  year      = {2018},
  note={To appear}}

@article{bogy:reedmuller-bias,
  author={Beame, Paul and Oveis Gharan, Shayan and Yang, Xin},
  title={On the Bias of {Reed-Muller} Codes over Odd Prime Fields},
  journal={arXiv preprint},
  year      = {2018}}
  
  
 @techreport{bogy:learning-coltfull-tr,
  author={Beame, Paul and Oveis Gharan, Shayan and Yang, Xin},
  title={Time-Space Tradeoffs for Learning Finite Functions from Random Evaluations, with Applications to Polynomials},
  institution   = {Electronic Colloquium on Computational Complexity {(ECCC)}},
  number={TR18-114},
  year      = {2018}}