%% This BibTeX bibliography file was created using BibDesk.
%% http://bibdesk.sourceforge.net/

%% Created for Guy Bresler at 2018-06-05 21:43:09 -0400 


%% Saved with string encoding Unicode (UTF-8) 



@article{basak2017universality,
	Author = {Basak, Anirban and Mukherjee, Sumit},
	Date-Added = {2018-06-06 01:40:40 +0000},
	Date-Modified = {2018-06-06 01:40:40 +0000},
	Journal = {Probability Theory and Related Fields},
	Number = {3-4},
	Pages = {557--600},
	Publisher = {Springer},
	Title = {Universality of the mean-field for the {P}otts model},
	Volume = {168},
	Year = {2017}}

@article{bhattacharya2018inference,
	Author = {Bhattacharya, Bhaswar B and Mukherjee, Sumit and others},
	Date-Added = {2018-06-06 01:38:46 +0000},
	Date-Modified = {2018-06-06 01:38:46 +0000},
	Journal = {Bernoulli},
	Number = {1},
	Pages = {493--525},
	Publisher = {Bernoulli Society for Mathematical Statistics and Probability},
	Title = {Inference in Ising models},
	Volume = {24},
	Year = {2018}}

@article{mukherjee2013consistent,
	Author = {Mukherjee, Sumit},
	Journal = {arXiv preprint arXiv:1310.4526},
	Title = {Consistent estimation in the two star Exponential Random Graph Model},
	Year = {2013}}

@article{martin2017exact,
	Author = {Mart{\'\i}n del Campo, Abraham and Cepeda, Sarah and Uhler, Caroline},
	Journal = {Scandinavian Journal of Statistics},
	Number = {2},
	Pages = {285--306},
	Publisher = {Wiley Online Library},
	Title = {Exact Goodness-of-Fit Testing for the Ising Model},
	Volume = {44},
	Year = {2017}}

@article{javadi2015statistical,
	Author = {Javadi, Hamid and Montanari, Andrea},
	Journal = {arXiv preprint arXiv:1511.05254},
	Title = {A Statistical Model for Motifs Detection},
	Year = {2015}}

@article{eldan2017exponential,
	Author = {Eldan, Ronen and Gross, Renan},
	Journal = {arXiv preprint arXiv:1707.01227},
	Title = {Exponential random graphs behave like mixtures of stochastic block models},
	Year = {2017}}

@article{bhamidi2011mixing,
	Author = {Bhamidi, Shankar and Bresler, Guy and Sly, Allan},
	Journal = {The Annals of Applied Probability},
	Pages = {2146--2170},
	Publisher = {JSTOR},
	Title = {MIXING TIME OF EXPONENTIAL RANDOM GRAPHS},
	Year = {2011}}

@inproceedings{daskalakis2017concentration,
	Author = {Daskalakis, Constantinos and Dikkala, Nishanth and Kamath, Gautam},
	Booktitle = {Advances in Neural Information Processing Systems},
	Pages = {12--22},
	Title = {Concentration of multilinear functions of the {I}sing model with applications to network data},
	Year = {2017}}

@article{gheissari2017concentration,
	Author = {Gheissari, Reza and Lubetzky, Eyal and Peres, Yuval},
	Journal = {arXiv preprint arXiv:1706.00121},
	Title = {Concentration inequalities for polynomials of contracting {I}sing models},
	Year = {2017}}

@inproceedings{canonne2017testing,
	Author = {Canonne, Clement L and Diakonikolas, Ilias and Kane, Daniel M and Stewart, Alistair},
	Booktitle = {Conference on Learning Theory},
	Pages = {370--448},
	Title = {Testing {B}ayesian Networks},
	Year = {2017}}

@article{bubeck2016testing,
	Author = {Bubeck, S{\'e}bastien and Ding, Jian and Eldan, Ronen and R{\'a}cz, Mikl{\'o}s Z},
	Journal = {Random Structures \& Algorithms},
	Number = {3},
	Pages = {503--532},
	Publisher = {Wiley Online Library},
	Title = {Testing for high-dimensional geometry in random graphs},
	Volume = {49},
	Year = {2016}}

@article{ghoshdastidar2017two,
	Author = {Ghoshdastidar, Debarghya and Gutzeit, Maurilio and Carpentier, Alexandra and von Luxburg, Ulrike},
	Journal = {Proceedings of Machine Learning Research vol},
	Pages = {1--24},
	Title = {Two-Sample Tests for Large Random Graphs Using Network Statistics},
	Volume = {65},
	Year = {2017}}

@article{gao2017testing,
	Author = {Gao, Chao and Lafferty, John},
	Journal = {arXiv preprint arXiv:1704.06742},
	Title = {Testing network structure using relations between small subgraph probabilities},
	Year = {2017}}

@article{bresler2017stein,
	Author = {Bresler, Guy and Nagaraj, Dheeraj M},
	Journal = {arXiv preprint arXiv:1712.05743},
	Title = {Stein's Method for Stationary Distributions of Markov Chains and Application to {I}sing Models},
	Year = {2017}}

@article{chatterjee2008new,
	Author = {Chatterjee, Sourav and others},
	Journal = {The Annals of Probability},
	Number = {4},
	Pages = {1584--1610},
	Publisher = {Institute of Mathematical Statistics},
	Title = {A new method of normal approximation},
	Volume = {36},
	Year = {2008}}

@article{de1987central,
	Author = {de Jong, Peter},
	Journal = {Probability Theory and Related Fields},
	Number = {2},
	Pages = {261--277},
	Publisher = {Springer},
	Title = {A central limit theorem for generalized quadratic forms},
	Volume = {75},
	Year = {1987}}

@article{rotar1979limit,
	Author = {Rotar, Vladimir I and others},
	Journal = {Journal of Multivariate analysis},
	Number = {4},
	Pages = {511--530},
	Publisher = {Elsevier},
	Title = {Limit theorems for polylinear forms},
	Volume = {9},
	Year = {1979}}

@article{hall1984central,
	Author = {Hall, Peter},
	Journal = {Journal of multivariate analysis},
	Number = {1},
	Pages = {1--16},
	Publisher = {Elsevier},
	Title = {Central limit theorem for integrated square error of multivariate nonparametric density estimators},
	Volume = {14},
	Year = {1984}}

@article{gotze2002asymptotic,
	Author = {G{\"o}tze, F and Tikhomirov, A},
	Journal = {Journal of Theoretical Probability},
	Number = {2},
	Pages = {423--475},
	Publisher = {Springer},
	Title = {Asymptotic distribution of quadratic forms and applications},
	Volume = {15},
	Year = {2002}}

@article{ross2011fundamentals,
	Author = {Ross, Nathan and others},
	Journal = {Probability Surveys},
	Pages = {210--293},
	Publisher = {The Institute of Mathematical Statistics and the Bernoulli Society},
	Title = {Fundamentals of Stein's method},
	Volume = {8},
	Year = {2011}}

@article{brush1967history,
	Author = {Brush, Stephen G},
	Journal = {Reviews of modern physics},
	Number = {4},
	Pages = {883},
	Publisher = {APS},
	Title = {History of the Lenz-{I}sing model},
	Volume = {39},
	Year = {1967}}

@article{friedli2016statistical,
	Author = {Friedli, Sacha and Velenik, Yvan},
	Journal = {unpublished book project, preprint available at http://www. unige. ch/math/folks/velenik/smbook},
	Title = {Statistical mechanics of lattice systems: a concrete mathematical introduction},
	Year = {2016}}

@article{dembo2010gibbs,
	Author = {Dembo, Amir and Montanari, Andrea and others},
	Journal = {Brazilian Journal of Probability and Statistics},
	Number = {2},
	Pages = {137--211},
	Publisher = {Brazilian Statistical Association},
	Title = {Gibbs measures and phase transitions on sparse random graphs},
	Volume = {24},
	Year = {2010}}

@article{ising1925beitrag,
	Author = {{I}sing, Ernst},
	Journal = {Zeitschrift f{\"u}r Physik A Hadrons and Nuclei},
	Number = {1},
	Pages = {253--258},
	Publisher = {Springer},
	Title = {Beitrag zur theorie des ferromagnetismus},
	Volume = {31},
	Year = {1925}}

@article{besag1986statistical,
	Author = {Besag, Julian},
	Journal = {Journal of the Royal Statistical Society. Series B (Methodological)},
	Pages = {259--302},
	Publisher = {JSTOR},
	Title = {On the statistical analysis of dirty pictures},
	Year = {1986}}

@article{banerjee2008model,
	Author = {Banerjee, Onureena and Ghaoui, Laurent El and d'Aspremont, Alexandre},
	Journal = {Journal of Machine learning research},
	Number = {Mar},
	Pages = {485--516},
	Title = {Model selection through sparse maximum likelihood estimation for multivariate gaussian or binary data},
	Volume = {9},
	Year = {2008}}

@article{greig1989exact,
	Author = {Greig, Dorothy M and Porteous, Bruce T and Seheult, Allan H},
	Journal = {Journal of the Royal Statistical Society. Series B (Methodological)},
	Pages = {271--279},
	Publisher = {JSTOR},
	Title = {Exact maximum a posteriori estimation for binary images},
	Year = {1989}}

@book{ellis2007entropy,
	Author = {Ellis, Richard},
	Publisher = {Springer},
	Title = {Entropy, large deviations, and statistical mechanics},
	Year = {2007}}

@article{chatterjee2007stein,
	Author = {Chatterjee, Sourav},
	Journal = {Probability theory and related fields},
	Number = {1},
	Pages = {305--321},
	Publisher = {Springer},
	Title = {Stein's method for concentration inequalities},
	Volume = {138},
	Year = {2007}}

@book{boucheron2013concentration,
	Author = {Boucheron, St{\'e}phane and Lugosi, G{\'a}bor and Massart, Pascal},
	Publisher = {Oxford university press},
	Title = {Concentration inequalities: A nonasymptotic theory of independence},
	Year = {2013}}

@article{chatterjee2005concentration,
	Author = {Chatterjee, Sourav},
	Journal = {arXiv preprint math/0507526},
	Title = {Concentration inequalities with exchangeable pairs (Ph. D. thesis)},
	Year = {2005}}

@article{daskalakis2016testing,
	Author = {Daskalakis, Constantinos and Dikkala, Nishanth and Kamath, Gautam},
	Journal = {arXiv preprint arXiv:1612.03147},
	Title = {Testing {I}sing Models},
	Year = {2016}}

@article{reinert2017approximating,
	Author = {Reinert, Gesine and Ross, Nathan},
	Journal = {arXiv preprint arXiv:1712.05736},
	Title = {Approximating stationary distributions of fast mixing Glauber dynamics, with applications to exponential random graphs},
	Year = {2017}}
