@article{lykouris2017small,
  title={Small-loss bounds for online learning with partial information},
  author={Lykouris, Thodoris and Sridharan, Karthik and Tardos, Eva},
  journal={arXiv preprint arXiv:1711.03639},
  year={2017}
}

@article{audibert2013regret,
  title={Regret in online combinatorial optimization},
  author={Audibert, Jean-Yves and Bubeck, S{\'e}bastien and Lugosi, G{\'a}bor},
  journal={Mathematics of Operations Research},
  volume={39},
  number={1},
  pages={31--45},
  year={2013},
  publisher={INFORMS}
}

@inproceedings{steinhardt2014adaptivity,
  title={Adaptivity and optimism: An improved exponentiated gradient algorithm},
  author={Steinhardt, Jacob and Liang, Percy},
  booktitle={International Conference on Machine Learning},
  pages={1593--1601},
  year={2014}
}

@article{hazan2011better,
  title={Better algorithms for benign bandits},
  author={Hazan, Elad and Kale, Satyen},
  journal={Journal of Machine Learning Research},
  volume={12},
  number={Apr},
  pages={1287--1311},
  year={2011}
}

@inproceedings{gaillard2014second,
  title={A second-order bound with excess losses},
  author={Gaillard, Pierre and Stoltz, Gilles and Van Erven, Tim},
  booktitle={Conference on Learning Theory},
  pages={176--196},
  year={2014}
}

@inproceedings{luo2015achieving,
  title={Achieving all with no parameters: Adanormalhedge},
  author={Luo, Haipeng and Schapire, Robert E},
  booktitle={Conference on Learning Theory},
  pages={1286--1304},
  year={2015}
}

@inproceedings{koolen2015second,
  title={Second-order quantile methods for experts and combinatorial games},
  author={Koolen, Wouter M and Van Erven, Tim},
  booktitle={Conference on Learning Theory},
  pages={1155--1175},
  year={2015}
}

@inproceedings{van2016metagrad,
  title={MetaGrad: Multiple learning rates in online learning},
  author={van Erven, Tim and Koolen, Wouter M},
  booktitle={Advances in Neural Information Processing Systems},
  pages={3666--3674},
  year={2016}
}

@article{bubeck2016kernel,
  title={Kernel-based methods for bandit convex optimization},
  author={Bubeck, S{\'e}bastien and Eldan, Ronen and Lee, Yin Tat},
  journal={arXiv preprint arXiv:1607.03084},
  year={2016}
}

@inproceedings{agarwal2017corralling,
  title={Corralling a band of bandit algorithms},
  author={Agarwal, Alekh and Luo, Haipeng and Neyshabur, Behnam and Schapire, Robert E},
  booktitle={Conference on Learning Theory},
  pages={12--38},
  year={2017}
}

@inproceedings{chiang2012online,
  title={Online optimization with gradual variations},
  author={Chiang, Chao-Kai and Yang, Tianbao and Lee, Chia-Jung and Mahdavi, Mehrdad and Lu, Chi-Jen and Jin, Rong and Zhu, Shenghuo},
  booktitle={Conference on Learning Theory},
  year={2012}
}

@inproceedings{rakhlin2013online,
  title={Online learning with predictable sequences},
  author={Rakhlin, Alexander and Sridharan, Karthik},
  booktitle={Conference on Learning Theory},
  pages={993--1019},
  year={2013}
}

@article{bubeck2017sparsity,
  title={Sparsity, variance and curvature in multi-armed bandits},
  author={S{\'{e}}bastien Bubeck and
               Michael B. Cohen and
               Yuanzhi Li},
  journal={arXiv preprint arXiv:1711.01037},
  year={2017}
}

@article{daskalakis2015near,
  title={Near-optimal no-regret algorithms for zero-sum games},
  author={Daskalakis, Constantinos and Deckelbaum, Alan and Kim, Anthony},
  journal={Games and Economic Behavior},
  volume={92},
  pages={327--348},
  year={2015},
  publisher={Elsevier}
}

@inproceedings{rakhlin2013optimization,
  title={Optimization, learning, and games with predictable sequences},
  author={Rakhlin, Sasha and Sridharan, Karthik},
  booktitle={Advances in Neural Information Processing Systems},
  pages={3066--3074},
  year={2013}
}

@inproceedings{syrgkanis2015fast,
  title={Fast convergence of regularized learning in games},
  author={Syrgkanis, Vasilis and Agarwal, Alekh and Luo, Haipeng and Schapire, Robert E},
  booktitle={Advances in Neural Information Processing Systems},
  pages={2989--2997},
  year={2015}
}

@inproceedings{foster2016learning,
  title={Learning in games: Robustness of fast convergence},
  author={Foster, Dylan J and Li, Zhiyuan and Lykouris, Thodoris and Sridharan, Karthik and Tardos, Eva},
  booktitle={Advances in Neural Information Processing Systems},
  pages={4734--4742},
  year={2016}
}

@inproceedings{neu2015first,
  title={First-order regret bounds for combinatorial semi-bandits},
  author={Neu, Gergely},
  booktitle={Conference on Learning Theory},
  pages={1360--1375},
  year={2015}
}

@inproceedings{chiang2013beating,
  title={Beating bandits in gradually evolving worlds},
  author={Chiang, Chao-Kai and Lee, Chia-Jung and Lu, Chi-Jen},
  booktitle={Conference on Learning Theory},
  pages={210--227},
  year={2013}
}

@inproceedings{hazan2011simple,
  title={A simple multi-armed bandit algorithm with optimal variation-bounded regret},
  author={Hazan, Elad and Kale, Satyen},
  booktitle={Proceedings of the 24th Annual Conference on Learning Theory},
  pages={817--820},
  year={2011}
}

@article{auer2002nonstochastic,
  title={The nonstochastic multiarmed bandit problem},
  author={Auer, Peter and Cesa-Bianchi, Nicolo and Freund, Yoav and Schapire, Robert E},
  journal={SIAM journal on computing},
  volume={32},
  number={1},
  pages={48--77},
  year={2002},
  publisher={SIAM}
}

@inproceedings{allenberg2006hannan,
  title={Hannan consistency in on-line learning in case of unbounded losses under partial monitoring},
  author={Allenberg, Chamy and Auer, Peter and Gyorfi, Laszlo and Ottucs{\'a}k, Gy{\"o}rgy},
  booktitle={Algorithmic Learning Theory},
  volume={4264},
  pages={229--243},
  year={2006},
  organization={Springer}
}
  
@article{hazan2016introduction,
  title={Introduction to online convex optimization},
  author={Hazan, Elad and others},
  journal={Foundations and Trends{\textregistered} in Optimization},
  volume={2},
  number={3-4},
  pages={157--325},
  year={2016},
  publisher={Now Publishers, Inc.}
}  

@article{cesa2007improved,
  title={Improved second-order bounds for prediction with expert advice},
  author={Cesa-Bianchi, Nicolo and Mansour, Yishay and Stoltz, Gilles},
  journal={Machine Learning},
  volume={66},
  number={2-3},
  pages={321--352},
  year={2007},
  publisher={Springer}
}  

@inproceedings{orabona2016coin,
  title={Coin betting and parameter-free online learning},
  author={Orabona, Francesco and P{\'a}l, D{\'a}vid},
  booktitle={Advances in Neural Information Processing Systems},
  pages={577--585},
  year={2016}
}

@inproceedings{cutkosky2017online,
  title={Online Learning Without Prior Information},
  author={Cutkosky, Ashok and Boahen, Kwabena},
  booktitle={Conference on Learning Theory},
  year={2017}
}

@inproceedings{gerchinovitz2016refined,
  title={Refined lower bounds for adversarial bandits},
  author={Gerchinovitz, S{\'e}bastien and Lattimore, Tor},
  booktitle={Advances in Neural Information Processing Systems},
  pages={1198--1206},
  year={2016}
}

@inproceedings{bubeck2012best,
  title={The best of both worlds: stochastic and adversarial bandits},
  author={Bubeck, S{\'e}bastien and Slivkins, Aleksandrs},
  booktitle={Conference on Learning Theory},
  pages={42--1},
  year={2012}
}

@inproceedings{seldin2014one,
  title={One practical algorithm for both stochastic and adversarial bandits},
  author={Seldin, Yevgeny and Slivkins, Aleksandrs},
  booktitle={International Conference on Machine Learning},
  pages={1287--1295},
  year={2014}
}

@inproceedings{auer2016algorithm,
  title={An algorithm with nearly optimal pseudo-regret for both stochastic and adversarial bandits},
  author={Auer, Peter and Chiang, Chao-Kai},
  booktitle={Conference on Learning Theory},
  pages={116--120},
  year={2016}
}

@inproceedings{seldin2017improved,
  title={An Improved Parametrization and Analysis of the EXP3++ Algorithm for Stochastic and Adversarial Bandits},
  author={Seldin, Yevgeny and Lugosi, G{\'a}bor},
  booktitle={Conference on Learning Theory},
  year={2017}
}

@article{mcmahan2017survey,
  title={A survey of algorithms and analysis for adaptive online learning},
  author={McMahan, H Brendan},
  journal={Journal of Machine Learning Research},
  volume={18},
  number={90},
  pages={1--50},
  year={2017}
}

@inproceedings{garivier2011kl,
  title={The KL-UCB algorithm for bounded stochastic bandits and beyond},
  author={Garivier, Aur{\'e}lien and Capp{\'e}, Olivier},
  booktitle={Conference On Learning Theory},
  pages={359--376},
  year={2011}
}

@inproceedings{degenne2016anytime,
  title={Anytime optimal algorithms in stochastic multi-armed bandits},
  author={Degenne, R{\'e}my and Perchet, Vianney},
  booktitle={International Conference on Machine Learning},
  pages={1587--1595},
  year={2016}
}

@article{lattimore2015optimally,
  title={Optimally confident UCB: Improved regret for finite-armed bandits},
  author={Lattimore, Tor},
  journal={arXiv preprint arXiv:1507.07880},
  year={2015}
}

@inproceedings{abernethy2008competing,
  title={Competing in the Dark: An Efficient Algorithm for Bandit Linear Optimization.},
  author={Abernethy, Jacob D and Hazan, Elad and Rakhlin, Alexander},
  booktitle={Conference on Learning Theory},
  pages={263--274},
  year={2008}
}

@article{cesa2007improved,
  title={Improved second-order bounds for prediction with expert advice},
  author={Cesa-Bianchi, Nicolo and Mansour, Yishay and Stoltz, Gilles},
  journal={Machine Learning},
  volume={66},
  number={2-3},
  pages={321--352},
  year={2007},
  publisher={Springer}
}

@article{de2014follow,
  title={Follow the leader if you can, hedge if you must.},
  author={De Rooij, Steven and Van Erven, Tim and Gr{\"u}nwald, Peter D and Koolen, Wouter M},
  journal={Journal of Machine Learning Research},
  volume={15},
  number={1},
  pages={1281--1316},
  year={2014}
}

@article{freund1999adaptive,
  title={Adaptive game playing using multiplicative weights},
  author={Freund, Yoav and Schapire, Robert E},
  journal={Games and Economic Behavior},
  volume={29},
  number={1-2},
  pages={79--103},
  year={1999},
  publisher={Elsevier}
}

@article{lai1985asymptotically,
  title={Asymptotically efficient adaptive allocation rules},
  author={Lai, Tze Leung and Robbins, Herbert},
  journal={Advances in applied mathematics},
  volume={6},
  number={1},
  pages={4--22},
  year={1985},
  publisher={Elsevier}
}