@Article{FS:1,
  author =	 "Y. Freund and R. Schapire",
  title =	 "Large Margin Classification Using the Perceptron Algorithm",
  journal =	 "Journal of Computer and System Sciences",
  year =	 1999,
  volume =	 37,
  number =       3,
  pages =	 "277-296",
}

@Article{HW:2,
  author =	 "D.P. Hembold and M.K. Warmuth",
  title =	 "On Weak learning",
  journal =	 "Journal of Computer and System Sciences",
  year =	 1995,
  volume =	 50,
  pages =	 "551-573",
}

@Article{R:3,
  author =	 "F. Rosenblatt",
  title =	 "The perceptron: A probabilistic model for information storage and organization in the brain",
  journal =	 "Psychological Review",
  year =	 1958,
  volume =	 65,
  pages =	 "386-407",
}

@BOOK{KV:4,
            AUTHOR = "Michael J. Kearns and Umesh V. Vazirani",
            TITLE  = "An Introduction to Computational Learning Theory",
            PUBLISHER = {The MIT Press},
            ADDRESS = {Cambridge, Massachussets},
            year = 1997,
	    pages =  "1-28"
}

@Article{WH:5,
  author =	 "Wassily Hoeffding",
  title =	 "Probability inequalities for sums of bounded random variables",
  journal =	 "Journal of American Statistical Association",
  year = 1963,
  volume = 58,
  number = 301,
  pages =  "13-30"
}


@Article{SS:6,
  author =	 "S. Shalev-Shwartz and Y. Singer",
  title =	 "Online Learning meets Optimization in the Dual",
  journal =	 "COLT",
  year =	 2006
}

@inproceedings{GW:7,
 author = {Claudio Gentile and Manfred K. Warmuth},
 title = {Linear hinge loss and average margin},
 booktitle = {NIPS},
 year = {1999},
 isbn = {0-262-11245-0},
 pages = {225--231},
 publisher = {MIT Press},
 address = {Cambridge, MA, USA}
 }
@Article{D:8,
  author =	 "S. Dasgupta",
  title =	 "Learning mixtures of Gaussians",
  journal =	 "FOCS",
  year =	 1999,
  pages =	 "634-644"
}
@Article{AK:9,
  author =	 "S. Arora and R. Kannan",
  title =	 "Learning mixtures of arbitrary Gaussians",
  journal =	 "STOC",
  year =	 2001,
  pages =	 "247-257"
}
@Article{VW:10,
  author =	 "S. Vempala and G. Wang",
  title =	 "A Spectral Algorithm for Learning Mixture Models",
  journal =	 "FOCS",
  year =	 2002,
  pages =	 "113-123"
}
@Article{SKV:11,
  author =	 "H. Salmasian and R. Kanna and S. Vempala",
  title =	 "The Spectral Method for General Mixture Models",
  journal =	 "ECCC",
  year =	 2004,
  volume =	 067
}
@Article{AM:12,
  author =	 "D. Achlioptas and F. McSherry",
  title =	 "On Spectral Learning of Mixtures of Distributions",
  journal =	 "COLT",
  year =	 2005
}

@Article{JB:13,
  author =	 "J. Bilmes",
  title =	 "A Gentle Tutotial of the EM Algorithm and its Applications to Parameter Estimation for Gaussian Mixture and Hidden Markov Model",
  journal =	 "ICSI Technical Report-Berkeley",
  year =	 1998
}

@Article{XJ:14,
  author =	 "L. Xu and M. Jordan",
  title =	 "On convergence properties of the EM algorithm for Gaussian mixtures",
  journal =	 "Neural Computation",
  year =	 1996,
  volume =	 8,
  pages =	 "121:151"
}

@Article{Lind:15,
  author =	 "B. J. Lindsay",
  title =	 "Mixture Models: Theory, Geometry and Applications",
  journal =	 "Institute for Mathematical Statistics",
  year =	 1995
}

@Article{DHKS:16,
  author =	 "A. Dasgupta and J. Hopcroft and J. Kleinberg and M. Sandler",
  title =	 "On Learning Mixtures of Heavy-Tailed Distributions",
  journal =	 "FOCS",
  year =	 2005
}

@Article{FSO:17,
  author =	 "J. Feldman and R. Servedio and R. O'Donnell",
  title =	 "PAC Learning Mixtures of Gaussians with No Separation Assumption",
  journal =	 "COLT",
  year =	 2006
}

@BOOK{S:18,
            AUTHOR = "S.D. Silvey",
            TITLE  = "Statistical Inference",
            PUBLISHER = {CHAPMAN and HALL/CRC},
            year = 2003
}

@Article{DHV:19,
  author =	 "S. Dasgupta and D. Hsu and N. Verma",
  title =	 "A Concentration Theorem for Projections",
  journal =	 "UAI",
  year =	 2006
}

@Article{DG:20,
  author =	 "S. Dasgupta and A. Gupta",
  title =	 "An elementary proof of a theorem of Johnson and Lindenstrauss",
  journal =	 "Random Structures and Algorithms",
  year =	 2003,
  volume =	 22,
  pages =	 "60-65"
}

@Article{JL:21,
  author =	 "W. Johnson and J.Lindenstrauss",
  title =	 "Extensions of Lipschitz maps into a Hillbert space",
  journal =	 "Contemporary Mathematics",
  year =	 1984,
  volume =	 26,
  pages =	 "189-206"
}

@Article{L:22,
  author =	 "M. Ledoux",
  title =	 "The concentration of measure phenomenon",
  journal =	 "American Mathematical Society",
  year =	 2001
}
@Article{H:23,
  author =	 "J.A. Hartigan",
  title =	 "Statistical Theory in Clustering",
  journal =	 "Journal of Classification",
  year =	 1985,
  volume =       2,
  pages =        "63-76"
}
@Article{N:24,
  author =	 "A.B.J. Novikoff",
  title =	 "On Convergence proofs on perceptrons",
  journal =	 "Symposium on the Mathematical Theory of Automata",
  year =	 1962,
  volume =       12,
  pages =        "615-622"
}
@Article{B:25,
  author =	 "H.D. Block",
  title =	 "The perceptron: a model for brain functionning",
  journal =	 "Reviews of Modern Physics",
  year =	 1962,
  volume =       34,
  pages =        "123-135"
}
@Book{MP:26,
  author =	 "M. Minsky and S. Papert",
  title =	 "Perceptrons: An Introduction to Computational Geometry",
  publisher =	 "MIT Press",
  year =	 1969
}
@Book{CT:27,
  author =	 "N. Cristianini and J. Shawe-Taylor",
  title =	 "An introduction to Support Vector Machines",
  publisher =	 "Cambridge University Press",
  year =	 2001
}
@Book{SS:28,
  author =	 "B. Scholkopf and A. Smola",
  title =	 "Learning with Kernels",
  publisher =	 "MIT Press",
  year =	 2002
}
@Article{BS:29,
  author =	 "P. Bartlett and J. Shawe-Taylor",
  title =	 "Generalization performance of support vector machines and other pattern classifiers",
  journal =	 "Advances in Kernel Methods: Support Vector Learning. MIT Press",
  year =	 1999
}
@Article{SBWA:30,
  author =	 "J. Shawe-Taylor and P. Bartlett and R.C. Williamson and M. Anthony",
  title =	 "Structural Risk Minimization over Data Dependent Hierarchies",
  journal =	 "IEEE Transactions on Information Theory",
  year =	 1999,
  volume =       44,
  number =       5,
  pages =        "1926-1940"
}
@Article{CCG:31,
  author =	 "N. Cesa-Bianchi and A. Conconi and C. Gentile",
  title =	 "On the Generalization Ability of Online Learning Algorithms",
  journal =	 "IEEE Transactions on Information Theory",
  year =	 2004,
  volume =       50,
  number =       9,
  pages =        "2050-2057"
}
@Article{DS:32,
  author =	 "O. Dekel and Y. Singer ",
  title =	 "Data-Driven Online to Batch Conversions",
  journal =	 "NIPS",
  year =	 2005
}
@Article{L:33,
  author =	 "N. Littlestone",
  title =	 "From on-line to batch learning",
  journal =	 "COLT",
  year =	 1989,
  pages =        "269-284"
}
@Article{SS:34,
  author =	 "S. Shalev-Shwartz and Y. Singer",
  title =	 "A new Perspective on an Old Perceptron Algorithm",
  journal =	 "COLT",
  year =	 2005,
  pages =        "264-278"
}
@Article{MK:35,
  author =	 "Matti Kaariainen",
  title =	 "Active Learning in the Non-realizable Case",
  journal =	 "Algorithmic Learning Theory",
  year =	 2006
}
@Article{SD:36,
  author =	 "S. Dasgupta",
  title =	 "Coarse sample complexity bounds for active learning",
  journal =	 "NIPS",
  year =	 2005
}
@Article{DKM:37,
  author =	 "S. Dasgupta and A. Kalai and C. Monteleoni",
  title =	 "Analysis of perceptron-based active learning",
  journal =	 "COLT",
  year =	 2005
}
@Article{SD:38,
  author =	 "S. Dasgupta",
  title =	 "Analysis of a greedy active learning strategy",
  journal =	 "NIPS",
  year =	 2004
}
@Article{BBL:39,
  author =	 "N. Balcan and A. Beygelzimer and J. Langford",
  title =	 "Agnostic Active Learning",
  journal =	 "ICML",
  year =	 2006
}
@Article{CAL:40,
  author =	 "D. Cohn and L. Atlas and R. Ladner",
  title =	 "Improving generalization with Active Learning",
  journal =	 "Machine Learning",
  year =	 1994,
  volume =       15,
  number =       2,
  pages =        "201-221"
}
@Article{CN:41,
  author =	 "R.M. Castro and R.D. Nowak",
  title =	 "Upper and Lower Error Bounds for Active Learning",
  journal =	 "Allerton Conference on Communication, Control, and Computing",
  year =	 2006
}
@Article{FSST:42,
  author =	 "Y. Freund and H.S. Seung and E. Shamir and N. Tishby",
  title =	 "Selective sampling using the query by committee algorithm",
  journal =	 "Machine Learning",
  year =	 1997,
  volume =       28,
  number =       23,
  pages =        "133-168"
}
@Article{DS:43,
  author =	 "S. Dasgupta and L.J. Schulman",
  title =	 "A two-round variant of EM for Gaussian mixtures",
  journal =	 "UAI",
  year =	 2000
}
@Article{MR:44,
  author =	 "M. Rudelson",
  title =	 "Random vectors in the isotropic position",
  journal =	 "Functional Analysis",
  year =	 1999,
  volume =       164,
  number =       1,
  pages =        "60-72"
}
@Book{JM:45,
  author =	 "J. Matousek",
  title =	 "Lectures on Discrete Geometry",
  publisher =	 "Springer",
  year =	 2002
}
@Book{GL:46,
  author =	 "G. Lugosi",
  title =	 "Concentration-of-measure inequalities",
  publisher =	 "Lecture notes",
  year =	 2006
}
@Article{ZK:47,
  author =	 "Y. Zhao and G. Karypis",
  title =	 "Evaluation of Hierarchical Clustering Algorithms for Document Datasets",
  journal =	 "Conference of Information and Knowledge Management",
  year =	 2002,
  pages =        "515-524"
}
@Article{H:48,
  author =	 "K. Huang",
  title =	 "A Synergistic Automatic Clustering Technique for Multispectral Image Analysis",
  journal =	 "Asian Conference on Remote Sensing",
  year =	 2000
}
@Article{B:49,
  author =	 "D. Boley",
  title =	 "Principal direction divisive partitioning",
  journal =	 "Data Mining and Knowledge Discovery",
  year =	 1998
}
@Article{SKK:50,
  author =	 "M. Steinbach and G. Karypis, and V. Kumar",
  title =	 "A comparison of document clustering techniques",
  journal =	 "KDD Workshop on Text Mining",
  year =	 2000
}
@Article{BBV:51,
  author =	 "M. Balcan and A. Blum and S. Vempala",
  title =	 "A Learning Theoretic Framework for Clustering with Similarity Functions",
  journal =	 "Technical Report, CMU-CS-07-142",
  year =	 2007
}
@Article{H:52,
  author =	 "J.A. Hartigan",
  title =	 "Statistical Theory in Clustering",
  journal =	 "Journal of Classification",
  year =	 1985,
  volume =       2,
  pages =        "63-76"
}
@Book{SJ:53,
  author =	 "N. Jardine and R. Sibson",
  title =	 "Mathematical Taxonomy",
  publisher =	 "John Wiley and Sons",
  year =	 1971
}
@Article{BBV:54,
  author =	 "N. Balcan and A. Blum and S. Vempala",
  title =	 "A Learning Theoretic Framework for Clustering with Similarity Functions",
  journal =	 "STOC",
  year =	 2008
}
@Article{KK:55,
  author =	 "R. Krishnapuram and K. Kummamuru",
  title =	 "Automatic Taxonomy Generation: Issues and Possibilities",
  journal =	 "IFSA",
  year =	 2003
}
@BOOK{DHS:56,
 author = "R. Duda and P. Hart and D. Stork ",
 title  = "Pattern Classification",
 publisher = "John Wiley and Sons",
 year = 2001
}
@Article{W:57,
  author =	 "D. Wishart",
  title =	 "Mode Analysis: A Generalization of Nearest Neighbor which Reduces Chaining Effects",
  journal =	 "Numerical Taxonomy",
  year =	 1969,
  pages =        "282-311"
}
@Article{BD:58,
  author =	 "S. Ben-David",
  title =	 "A Framework for Statistical Clustering with a Constant Time approximation for K-Means Clustering",
  journal =	 "Journal of Machine Learning",
  year =	 2007,
  pages =        "243-257"
}
@Article{DF:59,
  author =	 "S. Dasgupta and Y. Freund",
  title =	 "Random projection trees and low dimensional manifolds",
  journal =	 "STOC",
  year =	 2008
}
@Article{S:60,
  author =	 "C. J. Stone",
  title =	 "Optimal rates of convergence for non-parametric estimators",
  journal =	 "Ann. Statist.",
  year =	 1980,
  volume =	 8,
  pages =	 "1348-1360"
}
@Article{S:61,
  author =	 "C. J. Stone",
  title =	 "Optimal global rates of convergence for non-parametric estimators",
  journal =	 "Ann. Statist.",
  year =	 1982,
  volume =	 10,
  pages =	 "1340-1353"
}
@Article{RS:62,
  author =	 "S. Roweis and L. Saul",
  title =	 "Nonlinear dimensionality reduction by locally linear embedding",
  journal =	 "Science",
  year =	 2000,
  volume =	 290,
  pages =	 "2323-2326"
}
@Article{BN:63,
  author =	 "M. Belkin and N. Niyogi",
  title =	 "Laplacian eigenmaps for dimensionality reduction and data representation ",
  journal =	 "Neural Computation",
  year =	 2003,
  volume =	 15,
  pages =	 "1373-1396"
}
@Article{TDL:64,
  author =	 "J.B. TenenBaum and V. De Silva and J. Langford",
  title =	 "A global geometric framework for non-linear dimensionality reduction",
  journal =	 "Science",
  year =	 2000,
  volume =	 290,
  pages =	 "2319-2323"
}
@Article{BL:65,
  author =	 "P. Bickel and B. Li",
  title =	 "Local polynomial regression on unknown manifolds",
  journal =	 "Tech. Re. Dep. of Stats. UC Berkley",
  year =	 2006,
}
@Article{SN:66,
  author =	 "C. Scott and R.D. Nowak",
  title =	 "Minimax-Optimal Classification with Dyadic Decision Trees",
  journal =	 "IEEE Transactions on Information Theory",
  year =	 2006,
  volume =	 52
}
@Article{GN:67,
  author =	 "S. Gey and E. Nedelec",
  title =	 "Model selection for CART Regression Trees",
  journal =	 "IEEE Transactions on Information Theory",
  year =	 2005,
  volume =	 51
}
@Article{LW:68,
  author =	 "J. Lafferty and L. Wasserman",
  title =	 "Statistical analysis of semi-supervised regression",
  journal =	 "NIPS",
  year =	 2007
}
@Article{FDKV:69,
  author =	 "Y. Freund and S. Dasgupta and M. Kabra and N. Verma",
  title =	 "Learning the structure of manifolds using random projections",
  journal =	 "NIPS",
  year =	 2007
}
@Article{IN:70,
  author =	 "P. Indyk and A. Naor",
  title =	 "Nearest neighbor preserving embedding",
  journal =	 "ACM Transactions on Algorithms",
  year =	 2007
}
@Article{BKL:71,
  author =	 "A. Beygelzimer and S. Kakade and J. Langford",
  title =	 "Cover trees for nearest neighbors",
  journal =	 "ICML",
  year =	 2006
}
@Article{VC:72,
  author =	 "V. Vapnik and A. Chervonenkis",
  title =	 "On the uniform convergence of relative frequencies of events to their expectation",
  journal =	 "Theory of probability and its applications",
  year =	 1971,
  volume =	 16,
  pages =	 "264-280"
}
@Book{DGL:73,
  author =	 "L. Devroye and L. Gyorfi and G. Lugosi",
  title =	 "A Probabilistic Theory of Pattern Recognition",
  publisher = "Springer",
  year =	 1996
}
@Article{GLZ:73,
  author =	 "A. B. Goldberg and M. Li and X. Zhu",
  title =	 "Online manifold regularization: a new learning setting and empirical study",
  journal =	 "ECML PKDD",
  year =	 2008
}
@Article{C:74,
  author =	 "K. Clarkson",
  title =	 "Nearest-neighbor searching and metric space dimensions",
  journal =	 "Nearest-Neighbor Methods for Learning and Vision: Theory and Practice",
  publisher =	 "MIT Press",
  year =	 2005
}
@Article{CS:75,
  author =	 "A. Caponnetto and S. Smale",
  title =	 "Risk bounds for random regression graphs",
  journal =	 "Foundations of Computational Mathematics",
  publisher ="MIT Press",
  year =	 2007,
  volume =	 7,
  pages =	 "495-528"
}
@Article{KL:76,
  author =	 "R. Krauthgamer and J. Lee",
  title =	 "Navigating nets: Simple algorithms for proximity search.",
  journal =	 "SODA",
  year =	 2004
}
@Article{SK:77,
  author =	 "S. Kpotufe",
  title =	 "Escaping the curse of dimensionality with a tree-based regressor",
  journal =	 "COLT",
  year =	 2009
}
@Article{SK:78,
  author =	 "S. Kpotufe",
  title =	 {{k-NN Regression Adapts to Local Intrinsic Dimension}},
  journal =	 "NIPS",
  year =	 2011
}
@Article{LG:78,
  author =	 "D. Lee and A. Gray",
  title =	 "Faster Gaussian Summation: Theory and Experiment",
  journal =	 "UAI",
  year =	 2006
}
@Article{LG:79,
  author =	 "D. Lee and A. Gray",
  title =	 "Fast High-dimensional Kernel Summations Using the Monte Carlo Multipole Method",
  journal =	 "NIPS",
  year =	 2008
}
@Article{AMS:80,
  author =	 "C. Atkeson and A. Moore and S. Schaal",
  title =	 "Locally Weighted Learning",
  journal =	 "AI Review",
  year =	 1997
}

@BOOK{GKKW:81,
            AUTHOR = "L. Gyorfi and M. Kohler and A. Krzyzak and H. Walk",
            TITLE  = "{A Distribution Free Theory of Nonparametric Regression}",
            PUBLISHER = {Springer},
            ADDRESS = {New York, NY},
            year = 2002
}

@book{gyorfi2006distribution,
  title={A distribution-free theory of nonparametric regression},
  author={Gy{\"o}rfi, L{\'a}szl{\'o} and Kohler, Michael and Krzyzak, Adam and Walk, Harro},
  year={2006},
  publisher={Springer Science \& Business Media}
}

@Article{SA:82,
  author =	 "S. Schaal and C. Atkeson",
  title =	 "{Robot Juggling: An Implementation of Memory-based Learning}",
  journal =	 "Control Systems Magazine, IEEE",
  year =	 1994
}

@inproceedings{YingHC09,
  author    = {Yiming Ying and Kaizhu Huang and Colin Campbell},
  title     = {Sparse Metric Learning via Smooth Optimization},
  booktitle = {NIPS},
  year      = {2009},
  pages     = {2214-2222},
}

@INPROCEEDINGS{Huang10,
AUTHOR = "Kaizhu Huang and Rong Jin and Zenglin Xu and Cheng-Lin Liu",
TITLE = "Robust Metric Learning by Smooth Optimization",
BOOKTITLE = "Proceedings of the Twenty-Sixth Conference Annual Conference on Uncertainty in Artificial Intelligence (UAI-10)",
PUBLISHER = "AUAI Press",
ADDRESS = "Corvallis, Oregon",
YEAR = "2010",
PAGES = "244--251"
}

@inproceedings{WeinbergerS08,
  author    = {Kilian Q. Weinberger and
               Lawrence K. Saul},
  title     = {Fast solvers and efficient implementations for distance
               metric learning},
  booktitle = {ICML},
  year      = {2008},
  pages     = {1160-1167},
  ee        = {http://doi.acm.org/10.1145/1390156.1390302},
  crossref  = {DBLP:conf/icml/2008},
  bibsource = {DBLP, http://dblp.uni-trier.de}
}


@article{WeinbergerS09,
  author    = {Kilian Q. Weinberger and
               Lawrence K. Saul},
  title     = {Distance Metric Learning for Large Margin Nearest Neighbor
               Classification},
  journal   = {Journal of Machine Learning Research},
  volume    = {10},
  year      = {2009},
  pages     = {207-244},
  ee        = {http://doi.acm.org/10.1145/1577069.1577078},
  bibsource = {DBLP, http://dblp.uni-trier.de}
}

@article{WeinbergerT07,
  author    = {Kilian Q. Weinberger and Gerald Tesauro},
  title     = {Metric Learning for Kernel Regression},
  journal   = {Journal of Machine Learning Research - Proceedings Track},
  volume    = {2},
  year      = {2007},
  pages     = {612-619},
}

@inproceedings{XingNJR02,
  author    = {Eric P. Xing and
               Andrew Y. Ng and
               Michael I. Jordan and
               Stuart J. Russell},
  title     = {Distance Metric Learning with Application to Clustering with Side-Information},
  booktitle = {NIPS},
  year      = {2002},
  pages     = {505-512},
}

@inproceedings{LiuMGY04,
  author    = {Ting Liu and
               Andrew W. Moore and
               Alexander G. Gray and
               Ke Yang},
  title     = {An Investigation of Practical Approximate Nearest Neighbor Algorithms},
  booktitle = {NIPS},
  year      = {2004},
}

@inproceedings{Davis:2007,
 author = {Davis, Jason V. and Kulis, Brian and Jain, Prateek and Sra, Suvrit and Dhillon, Inderjit S.},
 title = {Information-theoretic metric learning},
 booktitle = {Proceedings of the 24th international conference on Machine learning},
 series = {ICML '07},
 year = {2007},
 location = {Corvalis, Oregon},
 pages = {209--216},
}

@INPROCEEDINGS{Goldberger04neighbourhoodcomponents,
    author = {Jacob Goldberger and Sam Roweis and Geoff Hinton and Ruslan Salakhutdinov},
    title = {Neighbourhood components analysis},
    booktitle = {Advances in Neural Information Processing Systems 17},
    year = {2004},
    pages = {513--520},
    publisher = {MIT Press}
}

@INPROCEEDINGS{Shalev-shwartz04onlineand,
    author = {Shai Shalev-shwartz and Yoram Singer and Andrew Y. Ng},
    title = {Online and batch learning of pseudo-metrics},
    booktitle = {ICML},
    year = {2004},
    pages = {743--750},
    publisher = {ACM Press}
}

@inproceedings{Langmead05arandomized,
  author    = {Christopher James Langmead},
  title     = {Application to Classification and Regression of Biological Data},
  booktitle = {APBC},
  year      = {2006},
  pages     = {217-226},
}

@inproceedings{Xiao:2009:LDM:1631272.1631334,
 author = {Xiao, Bo and Yang, Xiaokang and Xu, Yi and Zha, Hongyuan},
 title = {Learning distance metric for regression by semidefinite programming with application to human age estimation},
 booktitle = {Proceedings of the 17th ACM international conference on Multimedia},
 year = {2009},
 pages = {451--460},
 }

@inproceedings{JainKDG08,
  author    = {Prateek Jain and
               Brian Kulis and
               Inderjit S. Dhillon and
               Kristen Grauman},
  title     = {Online Metric Learning and Fast Similarity Search},
  booktitle = {NIPS},
  year      = {2008},
}

@INPROCEEDINGS{Vijayakumar00locallyweighted,
    author = {Sethu Vijayakumar and Stefan Schaal},
    title = {Locally weighted projection regression: An o(n) algorithm for incremental real time learning in high dimensional space},
    booktitle = {in Proceedings of the Seventeenth International Conference on Machine Learning (ICML 2000},
    year = {2000},
    pages = {1079--1086}
}

@inproceedings{Nguyen-TuongSP08,
  author    = {Duy Nguyen-Tuong and
               Matthias Seeger and
               Jan Peters},
  title     = {Local Gaussian Process Regression for Real Time Online Model
               Learning},
  booktitle = {NIPS},
  year      = {2008},
  pages     = {1193-1200},
}

@article{Nguyen-TuongBARRETT,
  author    = {Duy Nguyen-Tuong and Jan Peters},
  title     = {Incremental online sparsification for model learning in real-time robot control},
  journal   = {Neurocomputing},
  volume    = {74},
  number    = {11},
  year      = {2011},
  pages     = {1859-1867},
}

@article{Nguyen-TuongSARCOS,
  author    = {Duy Nguyen-Tuong and Matthias W. Seeger and Jan Peters},
  title     = {Model Learning with Local Gaussian Process Regression},
  journal   = {Advanced Robotics},
  volume    = {23},
  number    = {15},
  year      = {2009},
  pages     = {2015--2034},
}

@article{Weiss95rule-basedmachine,
  author = {Sholom M. Weiss and Nitin Indurkhya},
  title = {Rule-based Machine Learning Methods for Functional Prediction},
  journal = {Journal of Artificial Intelligence Research},
  year = {1995},
  volume = {3},
  pages = {383--403}
}

@misc{Frank+Asuncion:2012,
  author = "A. Frank and A. Asuncion",
  year = "2012",
  title = "{UCI} Machine Learning Repository",
  howpublished =  {\url{http://archive.ics.uci.edu/ml}. University of California, Irvine, School of Information and Computer Sciences}
}

@misc{Torgo:2012,
  author = "Luis Torgo",
  year = "2012",
  title = "Regression DataSets",
  howpublished = {\url{http://www.liaad.up.pt/~ltorgo}. University of Porto, Department of Computer Science}
}

@inproceedings{Davis:2007:IML:1273496.1273523,
 author = {Davis, Jason V. and Kulis, Brian and Jain, Prateek and Sra, Suvrit and Dhillon, Inderjit S.},
 title = {Information-theoretic metric learning},
 booktitle = {ICML},
 year = {2007},
 pages = {209--216}
}
@article{hardle1985robust,
  title={On robust kernel estimation of derivatives of regression functions},
  author={H{\"a}rdle, W. and Gasser, T.},
  journal={Scandinavian journal of statistics},
  pages={233--240},
  year={1985},
  publisher={JSTOR}
}

@article{lafferty2005rodeo,
  title={Rodeo: Sparse nonparametric regression in high dimensions},
  author={Lafferty, J. and Wasserman, L.},
  journal={Arxiv preprint math/0506342},
  year={2005}
}
@article{MosRosSanVerVil12,
   author={Rosasco, L. and Villa, S. and Mosci, S. and Santoro, M. and Verri, A. },
   title={Nonparametric sparsity and regularization},
   journal={http://arxiv.org/abs/1208.2572},
   year={2012}
 }
 @article{KpoBou12,
   author={Kpotufe, S. and Boularias, A. },
   title={Gradient Weights Help Nonparametric Regressors},
   journal={NIPS},
   year={2012}
 }
 @article{robnik2003theoretical,
  title={Theoretical and empirical analysis of ReliefF and RReliefF},
  author={Robnik-{\v{S}}ikonja, Marko and Kononenko, Igor},
  journal={Machine learning},
  volume={53},
  number={1-2},
  pages={23--69},
  year={2003},
  publisher={Springer}
}
 @inproceedings{Kira:1992,
 author = {Kira, Kenji and Rendell, Larry A.},
 title = {A practical approach to feature selection},
 booktitle = {Proceedings of the Ninth International Workshop on Machine Learning},
 series = {ML92},
 year = {1992},
 pages = {249--256},
 numpages = {8},
}
@MISC{LIBSVM,
  author = {Rong-En Fan},
  title = {{LIBSVM Data: Classification, Regression, and Multi-label}},
  year = {2012},
  url = {http://www.csie.ntu.edu.tw/~cjlin/libsvmtools/datasets/}
}

@Article{Wettschereck:1997,
  author =       {Dietrich Wettschereck and David W. Aha and Takao Mohri},
  title =        {A Review and Empirical Evaluation of Feature Weighting
Methods for a Class of Lazy Learning Algorithms},
  journal =      {Artificial Intelligence Review},
  year =         1997,
  volume =       11,
  pages =        {273--314}}

@InProceedings{Kononenko:1994,
  author =       {Igor Kononenko},
  title =        {Estimating attributes: Analysis and extensions of {RELIEF}},
  booktitle =    {Proc.\ European Conf.\ on Machine Learning},
  pages =        {171--182},
  year =         1994}

@Article{Sun:2007,
  author =       {Yijun Sun},
  title =        {Iterative {RELIEF} for Feature Weighting: Algorithms, Theories, and Applications},
  journal =      {IEEE Trans.\ Pattern Analysis and Machine Intelligence},
  year =         2007,
  volume =       29,
  number =       6,
  pages =        {1035--1051}}

@Article{Yang:2012,
  author =       {Shuang-Hong Yang and Bao-Gang Hu},
  title =        {Discriminative Feature Selection by Nonparametric Bayes Error Minimization},
  journal =      {IEEE Trans.\ Knowledge and Data Engineering},
  year =         2012,
  volume =       24,
  number =       8,
  pages =        {1422--1434}}

@InProceedings{Gu:2011,
  author =       {Quanquan Gu and Zhenhui Li and Jiawei Han},
  title =        {Generalized Fisher Score for Feature Selection},
  booktitle =    {Proc.\ Conf.\ Uncertainty in Artificial Intelligence},
  pages =        {266--273},
  year =         2011}
@article{hoffmann2002random,
  title={Random rates in anisotropic regression},
  author={Hoffmann, Marc and Lepski, Oleg},
  journal={Annals of statistics},
  pages={325--358},
  year={2002},
  publisher={JSTOR}
}
@article{nusbaum1983optimal,
  title={Optimal filtration of a function of many variables in white Gaussian noise.},
  author={Nusbaum, M},
  journal={PROB. INFO. TRANSMISSION.},
  volume={19},
  number={2},
  pages={105--111},
  year={1983}
}
@article{rigollet2011exponential,
  title={Exponential screening and optimal rates of sparse estimation},
  author={Rigollet, Philippe and Tsybakov, Alexandre},
  journal={The Annals of Statistics},
  volume={39},
  number={2},
  pages={731--771},
  year={2011},
  publisher={Institute of Mathematical Statistics}
}
@article{gu2012sequential,
  title={Sequential Nonparametric Regression},
  author={Gu, Haijie and Lafferty, John},
  journal={arXiv preprint arXiv:1206.6408},
  year={2012}
}
@article{trivediconsistent,
  title={A Consistent Estimator of the Expected Gradient Outerproduct},
  author={Trivedi, Shubhendu and Wang, Jialei and Kpotufe, Samory and Shakhnarovich, Gregory},
  journal={Uncertainty in Artificial Intelligence (UAI)},
  year={2014}
}
@article{KBSK2015,
  title={Gradients Weights Improve Regression and Classification},
  author={Kpotufe, S. and Boularias, A. and Schultz, Thomas and Kim, K.},
  url ={http://www.princeton.edu/~samory/Papers/final.pdf},
  journal={{\rm \url{http://www.princeton.edu/~samory/Papers/final.pdf.}} Submitted}
}
@article{RW:91,
   author = {C. Rasmussen and C. Williams},       
  title = {Gaussian Processes for Machine Learning - {SARCOS} dataset},    
  journal = {{\rm \url{http://www.gaussianprocess.org/gpml/data/}}},
   year = 2006
 }
 @article{audibert2007fast,
  title={Fast learning rates for plug-in classifiers},
  author={Audibert, Jean-Yves and Tsybakov, Alexandre B},
  journal={The Annals of Statistics},
  volume={35},
  number={2},
  pages={608--633},
  year={2007},
  publisher={Institute of Mathematical Statistics}
}
@article{hoffmann2002random,
  title={Random rates in anisotropic regression},
  author={Hoffmann, Marc and Lepski, Oleg},
  journal={Annals of statistics},
  pages={325--358},
  year={2002},
  publisher={JSTOR}
}
@article{kerkyacharian2001nonlinear,
  title={Nonlinear estimation in anisotropic multi-index denoising},
  author={Kerkyacharian, G{\'e}rard and Lepski, Oleg and Picard, Dominique},
  journal={Probability theory and related fields},
  volume={121},
  number={2},
  pages={137--170},
  year={2001},
  publisher={Springer}
}
@inproceedings{kpotufe2009fast,
  title={Fast, smooth and adaptive regression in metric spaces},
  author={Kpotufe, Samory},
  booktitle={Advances in Neural Information Processing Systems},
  pages={1024--1032},
  year={2009}
}
@Article{H106,
  author =	 "J.A. Hartigan",
  title =	 "Consistency of single linkage for high-density clusters",
  journal =	 "Journal of the American Statistical Association",
  year =	 1981, 
  volume =	 76,
  number = 374,
  pages =	 "388-394"
}
@Article{SN109,
  author =	 "W. Stueltze and R. Nugent",
  title =	 "A generalized single linkage method for estimating the cluster tree of a density",
  journal =	 "Journal of Computational and Graphical Statistics",
  year =	 2010, 
  volume = 19,
  number = 2,
  pages =	 "397-418"
}
@Article{RV110,
  author =	 "P. Rigollet and R. Vert",
  title =	 "Fast rates for plug-in estimators of density level sets",
  journal =	 "Bernouilli",
  year =	 2009, 
  volume = 15,
  number = 4,
  pages =	 "1154-1178"
}
@Article{SSN111,
  author =	 "A. Singh and C. Scott and R. Nowak",
  title =	 "Adaptive hausdorff estimation of density level sets",
  journal =	 "Annals of Statistics",
  year =	 2009, 
  volume = 37,
  number = 5B,
  pages =	 "2760-2782"
}
@Article{RW112,
  author =	 "A. Rinaldo and L. Wasserman",
  title =	 "Generalized density clustering",
  journal =	 "Annals of Statistics",
  year =	 2010, 
  volume = 38,
  number = 5,
  pages =	 "2678-2722"
}
@Article{SN113,
  author =	 "W. Stueltze and R. Nugent",
  title =	 "Clustering with Confidence: A Binning Approach",
  journal =	 "International Federation Classification Societies Conference",
  year =	 2009
}
@inproceedings{
BNRSW13,
author = "S. Balakrishnan and S. Narayanan and A. Rinaldo and A. Singh and L. Wasserman",
title = "Cluster trees on manifolds",
booktitle = "Advances in Neural Information Processing Systems",
year = 2013
}
@inproceedings{
    CD10,
    author = "K. Chaudhuri and S. Dasgupta",
    title = "Rates for convergence for the cluster tree",
    booktitle = "Advances in Neural Information Processing Systems", 
    year = 2010
}
@inproceedings{
    KV11,
    author = "S. Kpotufe and U. von Luxburg",
    title = "Pruning nearest neighbor cluster trees",
    booktitle = "International Conference on Machine Learning",
    year = 2011
}
@article{kpotufe2012tree,
  title={A tree-based regressor that adapts to intrinsic dimension},
  author={Kpotufe, Samory and Dasgupta, Sanjoy},
  journal={Journal of Computer and System Sciences},
  volume={78},
  number={5},
  pages={1496--1515},
  year={2012},
  publisher={Elsevier}
}
@inproceedings{verma2009spatial,
  title={Which spatial partition trees are adaptive to intrinsic dimension?},
  author={Verma, Nakul and Kpotufe, Samory and Dasgupta, Sanjoy},
  booktitle={Proceedings of the Twenty-Fifth Conference on Uncertainty in Artificial Intelligence},
  pages={565--574},
  year={2009},
  organization={AUAI Press}
}
@article{tsybakov2012introduction,
  title={Introduction to aggregation of estimators},
  author={Tsybakov, Alexandre},
  year={2012}
}
@article{leung2006information,
  title={Information theory and mixing least-squares regressions},
  author={Leung, Gilbert and Barron, Andrew R},
  journal={Information Theory, IEEE Transactions on},
  volume={52},
  number={8},
  pages={3396--3410},
  year={2006},
  publisher={IEEE}
}
@inproceedings{kpotufe2013regression,
  title={Regression-tree Tuning in a Streaming Setting},
  author={Kpotufe, Samory and Orabona, Francesco},
  booktitle={Advances in Neural Information Processing Systems},
  pages={1788--1796},
  year={2013}
}
@article{taddy2011dynamic,
  title={Dynamic trees for learning and design},
  author={Taddy, M. A. and Gramacy, R. B. and Polson, N. G.},
  journal={Journal of the American Statistical Association},
  volume={106},
  number={493},
  year={2011}
}
@inproceedings{DG00,
author = {Domingos, P. and Hulten, G.},
booktitle = {Proceedings of the 6th ACM SIGKDD International Conference on Knowledge Discovery and Data Mining},
title = {Mining high-speed data streams},
pages = {71--80},
year = {2000}
}

@inproceedings{PHK08,
author = {Pfahringer, B. and Holmes, G. and Kirkby, R.},
booktitle = {Advances in Knowledge Discovery and Data Mining: Proceedings of the 12th Pacific-Asia Conference (PAKDD)},
title = {Handling numeric attributes in Hoeffding trees},
volume = {5012},
pages = {296--307},
publisher = {Springer},
year = {2008}
}

@article{BT10,
author = {Ben-Haim, Y. and Tom-Tov, E.},
title = {A streaming parallel decision tree algorithm},
journal = {Journal of Machine Learning Research},
volume = {11},
pages = {849--872},
year = {2010}
}
@article{GuLafferty2012,
   author={Gu, H. and Lafferty, J. },
   title={Sequential Nonparametric Regression.},
   journal={ICML},
   year={2012}
 }
 @inproceedings{morariu2009automatic,
  title={Automatic online tuning for fast Gaussian summation},
  author={Morariu, Vlad I and Srinivasan, Balaji V and Raykar, Vikas C and Duraiswami, Ramani and Davis, Larry S},
  booktitle={Advances in Neural Information Processing Systems},
  pages={1113--1120},
  year={2009}
}
@article{carrier1988fast,
  title={A fast adaptive multipole algorithm for particle simulations},
  author={Carrier, J and Greengard, Leslie and Rokhlin, Vladimir},
  journal={SIAM Journal on Scientific and Statistical Computing},
  volume={9},
  number={4},
  pages={669--686},
  year={1988},
  publisher={SIAM}
}
@inproceedings{gionis1999similarity,
  title={Similarity search in high dimensions via hashing},
  author={Gionis, Aristides and Indyk, Piotr and Motwani, Rajeev and others},
  booktitle={VLDB},
  volume={99},
  pages={518--529},
  year={1999}
}
@inproceedings{indyk1998approximate,
  title={Approximate nearest neighbors: towards removing the curse of dimensionality},
  author={Indyk, Piotr and Motwani, Rajeev},
  booktitle={Proceedings of the thirtieth annual ACM symposium on Theory of computing},
  pages={604--613},
  year={1998},
  organization={ACM}
}
@inproceedings{kpotufe2013adaptivity,
  title={Adaptivity to Local Smoothness and Dimension in Kernel Regression},
  author={Kpotufe, Samory and Garg, Vikas},
  booktitle={Advances in Neural Information Processing Systems},
  pages={3075--3083},
  year={2013}
}
@article{lafferty2008rodeo,
  title={Rodeo: sparse, greedy nonparametric regression},
  author={Lafferty, John and Wasserman, Larry},
  journal={The Annals of Statistics},
  pages={28--63},
  year={2008},
  publisher={JSTOR}
}
@incollection{tsybakov2003optimal,
  title={Optimal rates of aggregation},
  author={Tsybakov, Alexandre B},
  booktitle={Learning Theory and Kernel Machines},
  pages={303--313},
  year={2003},
  publisher={Springer}
}
@article{hristache2001direct,
  title={Direct estimation of the index coefficient in a single-index model},
  author={Hristache, Marian and Juditsky, Anatoli and Spokoiny, Vladimir},
  journal={Annals of Statistics},
  pages={595--623},
  year={2001},
  publisher={JSTOR}
}
@article{hristache2001structure,
  title={Structure adaptive approach for dimension reduction},
  author={Hristache, Marian and Juditsky, Anatoli and Polzehl, J{\"o}rg and Spokoiny, Vladimir and others},
  journal={The Annals of Statistics},
  volume={29},
  number={6},
  pages={1537--1566},
  year={2001},
  publisher={Institute of Mathematical Statistics}
}
@book{horowitz2010semiparametric,
  title={Semiparametric and nonparametric methods in econometrics},
  author={Horowitz, Joel L},
  volume={692},
  year={2010},
  publisher={Springer}
}
@article{hardle1993optimal,
  title={Optimal smoothing in single-index models},
  author={Hardle, Wolfgang and Hall, Peter and Ichimura, Hidehiko and others},
  journal={The annals of Statistics},
  volume={21},
  number={1},
  pages={157--178},
  year={1993},
  publisher={Institute of Mathematical Statistics}
}
@article{DBLP:journals/jmlr/WuGMM10,
  author    = {Qiang Wu and
               Justin Guinney and
               Mauro Maggioni and
               Sayan Mukherjee},
  title     = {Learning Gradients: Predictive Models that Infer Geometry
               and Statistical Dependence},
  journal   = {Journal of Machine Learning Research},
  volume    = {11},
  year      = {2010},
  pages     = {2175-2198},
  ee        = {http://portal.acm.org/citation.cfm?id=1859926},
  bibsource = {DBLP, http://dblp.uni-trier.de}
}
@article{mukherjee2010learning,
  title={Learning gradients on manifolds},
  author={Mukherjee, Sayan and Wu, Qiang and Zhou, Ding-Xuan and others},
  journal={Bernoulli},
  volume={16},
  number={1},
  pages={181--207},
  year={2010},
  publisher={Bernoulli Society for Mathematical Statistics and Probability}
}
@article{powell1989semiparametric,
  title={Semiparametric estimation of index coefficients},
  author={Powell, James L and Stock, James H and Stoker, Thomas M},
  journal={Econometrica: Journal of the Econometric Society},
  pages={1403--1430},
  year={1989},
  publisher={JSTOR}
}
@article{xia2002adaptive,
  title={An adaptive estimation of dimension reduction space},
  author={Xia, Yingcun and Tong, Howell and Li, WK and Zhu, Li-Xing},
  journal={Journal of the Royal Statistical Society: Series B (Statistical Methodology)},
  volume={64},
  number={3},
  pages={363--410},
  year={2002},
  publisher={Wiley Online Library}
}
@article{li1991sliced,
  title={Sliced inverse regression for dimension reduction},
  author={Li, Ker-Chau},
  journal={Journal of the American Statistical Association},
  volume={86},
  number={414},
  pages={316--327},
  year={1991},
  publisher={Taylor \& Francis}
}
@article{huang1999nonparametric,
  title={Nonparametric estimation of quadratic regression functionals},
  author={Huang, Li-Shan and Fan, Jianqing},
  journal={Bernoulli},
  pages={927--949},
  year={1999},
  publisher={JSTOR}
}
@article{nguyen2009model,
  title={Model learning with local gaussian process regression},
  author={Nguyen-Tuong, Duy and Seeger, Matthias and Peters, Jan},
  journal={Advanced Robotics},
  volume={23},
  number={15},
  pages={2015--2034},
  year={2009},
  publisher={Taylor \& Francis}
}
@inproceedings{mika1998kernel,
  title={Kernel PCA and De-Noising in Feature Spaces.},
  author={Mika, Sebastian and Sch{\"o}lkopf, Bernhard and Smola, Alex J and M{\"u}ller, Klaus-Robert and Scholz, Matthias and R{\"a}tsch, Gunnar},
  booktitle={NIPS},
  volume={11},
  pages={536--542},
  year={1998},
  organization={Citeseer}
}
@article{bach2003kernel,
  title={Kernel independent component analysis},
  author={Bach, Francis R and Jordan, Michael I},
  journal={The Journal of Machine Learning Research},
  volume={3},
  pages={1--48},
  year={2003},
  publisher={JMLR. org}
}
@inproceedings{mairal2009online,
  title={Online dictionary learning for sparse coding},
  author={Mairal, Julien and Bach, Francis and Ponce, Jean and Sapiro, Guillermo},
  booktitle={Proceedings of the 26th Annual International Conference on Machine Learning},
  pages={689--696},
  year={2009},
  organization={ACM}
}
@article{arora2013new,
  title={New algorithms for learning incoherent and overcomplete dictionaries},
  author={Arora, Sanjeev and Ge, Rong and Moitra, Ankur},
  journal={arXiv preprint arXiv:1308.6273},
  year={2013}
}
@article{agarwal2013learning,
  title={Learning sparsely used overcomplete dictionaries via alternating minimization},
  author={Agarwal, Alekh and Anandkumar, Animashree and Jain, Prateek and Netrapalli, Praneeth and Tandon, Rashish},
  journal={arXiv preprint arXiv:1310.7991},
  year={2013}
}
@inproceedings{zhang2010discriminative,
  title={Discriminative K-SVD for dictionary learning in face recognition},
  author={Zhang, Qiang and Li, Baoxin},
  booktitle={Computer Vision and Pattern Recognition (CVPR), 2010 IEEE Conference on},
  pages={2691--2698},
  year={2010},
  organization={IEEE}
}
@inproceedings{bach2004multiple,
  title={Multiple kernel learning, conic duality, and the SMO algorithm},
  author={Bach, Francis R and Lanckriet, Gert RG and Jordan, Michael I},
  booktitle={Proceedings of the twenty-first international conference on Machine learning},
  pages={6},
  year={2004},
  organization={ACM}
}
@article{sonnenburg2006large,
  title={Large scale multiple kernel learning},
  author={Sonnenburg, S{\"o}ren and R{\"a}tsch, Gunnar and Sch{\"a}fer, Christin and Sch{\"o}lkopf, Bernhard},
  journal={The Journal of Machine Learning Research},
  volume={7},
  pages={1531--1565},
  year={2006},
  publisher={JMLR. org}
}
@inproceedings{cortes2009learning,
  title={Learning non-linear combinations of kernels},
  author={Cortes, Corinna and Mohri, Mehryar and Rostamizadeh, Afshin},
  booktitle={Advances in neural information processing systems},
  pages={396--404},
  year={2009}
}
@inproceedings{kloft2009efficient,
  title={Efficient and accurate lp-norm multiple kernel learning},
  author={Kloft, Marius and Brefeld, Ulf and Laskov, Pavel and M{\"u}ller, Klaus-Robert and Zien, Alexander and Sonnenburg, S{\"o}ren},
  booktitle={Advances in neural information processing systems},
  pages={997--1005},
  year={2009}
}
@inproceedings{krizhevsky2012imagenet,
  title={Imagenet classification with deep convolutional neural networks},
  author={Krizhevsky, Alex and Sutskever, Ilya and Hinton, Geoffrey E},
  booktitle={Advances in neural information processing systems},
  pages={1097--1105},
  year={2012}
}
@article{hinton2006fast,
  title={A fast learning algorithm for deep belief nets},
  author={Hinton, Geoffrey and Osindero, Simon and Teh, Yee-Whye},
  journal={Neural computation},
  volume={18},
  number={7},
  pages={1527--1554},
  year={2006},
  publisher={MIT Press}
}
@inproceedings{lee2009convolutional,
  title={Convolutional deep belief networks for scalable unsupervised learning of hierarchical representations},
  author={Lee, Honglak and Grosse, Roger and Ranganath, Rajesh and Ng, Andrew Y},
  booktitle={Proceedings of the 26th Annual International Conference on Machine Learning},
  pages={609--616},
  year={2009},
  organization={ACM}
}
@article{bengio2009learning,
  title={Learning deep architectures for AI},
  author={Bengio, Yoshua},
  journal={Foundations and trends{\textregistered} in Machine Learning},
  volume={2},
  number={1},
  pages={1--127},
  year={2009},
  publisher={Now Publishers Inc.}
}
@article{lecun1989backpropagation,
  title={Backpropagation applied to handwritten zip code recognition},
  author={LeCun, Yann and Boser, Bernhard and Denker, John S and Henderson, Donnie and Howard, Richard E and Hubbard, Wayne and Jackel, Lawrence D},
  journal={Neural computation},
  volume={1},
  number={4},
  pages={541--551},
  year={1989},
  publisher={MIT Press}
}
@article{tibshirani1996regression,
  title={Regression shrinkage and selection via the lasso},
  author={Tibshirani, Robert},
  journal={Journal of the Royal Statistical Society. Series B (Methodological)},
  pages={267--288},
  year={1996},
  publisher={JSTOR}
}
@article{zou2006adaptive,
  title={The adaptive lasso and its oracle properties},
  author={Zou, Hui},
  journal={Journal of the American statistical association},
  volume={101},
  number={476},
  pages={1418--1429},
  year={2006},
  publisher={Taylor \& Francis}
}
@article{ravikumar2009sparse,
  title={Sparse additive models},
  author={Ravikumar, Pradeep and Lafferty, John and Liu, Han and Wasserman, Larry},
  journal={Journal of the Royal Statistical Society: Series B (Statistical Methodology)},
  volume={71},
  number={5},
  pages={1009--1030},
  year={2009},
  publisher={Wiley Online Library}
}
@article{obozinski2011support,
  title={Support union recovery in high-dimensional multivariate regression},
  author={Obozinski, Guillaume and Wainwright, Martin J and Jordan, Michael I and others},
  journal={The Annals of Statistics},
  volume={39},
  number={1},
  pages={1--47},
  year={2011},
  publisher={Institute of Mathematical Statistics}
}
@article{candes2009near,
  title={Near-ideal model selection by l1 minimization},
  author={Cand{\`e}s, Emmanuel J and Plan, Yaniv and others},
  journal={The Annals of Statistics},
  volume={37},
  number={5A},
  pages={2145--2177},
  year={2009},
  publisher={Institute of Mathematical Statistics}
}
@inproceedings{negahban2009unified,
  title={A unified framework for high-dimensional analysis of $ M $-estimators with decomposable regularizers},
  author={Negahban, Sahand and Yu, Bin and Wainwright, Martin J and Ravikumar, Pradeep K},
  booktitle={Advances in Neural Information Processing Systems},
  pages={1348--1356},
  year={2009}
}
@article{bickel2008covariance,
  title={Covariance regularization by thresholding},
  author={Bickel, Peter J and Levina, Elizaveta},
  journal={The Annals of Statistics},
  pages={2577--2604},
  year={2008},
  publisher={JSTOR}
}
@article{cai2010optimal,
  title={Optimal rates of convergence for covariance matrix estimation},
  author={Cai, T Tony and Zhang, Cun-Hui and Zhou, Harrison H and others},
  journal={The Annals of Statistics},
  volume={38},
  number={4},
  pages={2118--2144},
  year={2010},
  publisher={Institute of Mathematical Statistics}
}
@article{berthet2013optimal,
  title={Optimal detection of sparse principal components in high dimension},
  author={Berthet, Quentin and Rigollet, Philippe and others},
  journal={The Annals of Statistics},
  volume={41},
  number={4},
  pages={1780--1815},
  year={2013},
  publisher={Institute of Mathematical Statistics}
}
@article{fan2011high,
  title={High dimensional covariance matrix estimation in approximate factor models},
  author={Fan, Jianqing and Liao, Yuan and Mincheva, Martina},
  journal={Annals of statistics},
  volume={39},
  number={6},
  pages={3320},
  year={2011},
  publisher={NIH Public Access}
}
@inproceedings{le2013fastfood,
  title={Fastfood—approximating kernel expansions in loglinear time},
  author={Le, Quoc and Sarl{\'o}s, Tam{\'a}s and Smola, Alex},
  booktitle={Proceedings of the international conference on machine learning},
  year={2013}
}
@inproceedings{rahimi2007random,
  title={Random features for large-scale kernel machines},
  author={Rahimi, Ali and Recht, Benjamin},
  booktitle={Advances in neural information processing systems},
  pages={1177--1184},
  year={2007}
}
@article{scholkopf1998nonlinear,
  title={Nonlinear component analysis as a kernel eigenvalue problem},
  author={Sch{\"o}lkopf, Bernhard and Smola, Alexander and M{\"u}ller, Klaus-Robert},
  journal={Neural computation},
  volume={10},
  number={5},
  pages={1299--1319},
  year={1998},
  publisher={MIT Press}
}
@article{bordes2005fast,
  title={Fast kernel classifiers with online and active learning},
  author={Bordes, Antoine and Ertekin, Seyda and Weston, Jason and Bottou, L{\'e}on},
  journal={The Journal of Machine Learning Research},
  volume={6},
  pages={1579--1619},
  year={2005},
  publisher={JMLR. org}
}
@inproceedings{clarkson2013fast,
  title={The Fast Cauchy Transform and faster robust linear regression},
  author={Clarkson, Kenneth L and Drineas, Petros and Magdon-Ismail, Malik and Mahoney, Michael W and Meng, Xiangrui and Woodruff, David P},
  booktitle={Proceedings of the Twenty-Fourth Annual ACM-SIAM Symposium on Discrete Algorithms},
  pages={466--477},
  year={2013},
  organization={SIAM}
}
@inproceedings{clarkson2013low,
  title={Low rank approximation and regression in input sparsity time},
  author={Clarkson, Kenneth L and Woodruff, David P},
  booktitle={Proceedings of the forty-fifth annual ACM symposium on Theory of computing},
  pages={81--90},
  year={2013},
  organization={ACM}
}
@article{witten2009penalized,
  title={A penalized matrix decomposition, with applications to sparse principal components and canonical correlation analysis},
  author={Witten, Daniela M and Tibshirani, Robert and Hastie, Trevor},
  journal={Biostatistics},
  pages={kxp008},
  year={2009},
  publisher={Biometrika Trust}
}
@inproceedings{spielman2004nearly,
  title={Nearly-linear time algorithms for graph partitioning, graph sparsification, and solving linear systems},
  author={Spielman, Daniel A and Teng, Shang-Hua},
  booktitle={Proceedings of the thirty-sixth annual ACM symposium on Theory of computing},
  pages={81--90},
  year={2004},
  organization={ACM}
}
@article{shalev2010trading,
  title={Trading accuracy for sparsity in optimization problems with sparsity constraints},
  author={Shalev-Shwartz, Shai and Srebro, Nathan and Zhang, Tong},
  journal={SIAM Journal on Optimization},
  volume={20},
  number={6},
  pages={2807--2832},
  year={2010},
  publisher={SIAM}
}

@book{tsybakov2009introduction,
  title={Introduction to nonparametric estimation},
  author={Tsybakov, Alexandre B},
  year={2009},
  publisher={Springer}
}

@book{spong2008robot,
  title={Robot dynamics and control},
  author={Spong, Mark W and Vidyasagar, Mathukumalli},
  year={2008},
  publisher={John Wiley \& Sons}
}
@book{spong2006robot,
  title={Robot modeling and control},
  author={Spong, Mark W and Hutchinson, Seth and Vidyasagar, Mathukumalli},
  volume={3},
  year={2006},
  publisher={Wiley New York}
}
@article{schaal2002scalable,
  title={Scalable techniques from nonparametric statistics for real time robot learning},
  author={Schaal, Stefan and Atkeson, Christopher G and Vijayakumar, Sethu},
  journal={Applied Intelligence},
  volume={17},
  number={1},
  pages={49--60},
  year={2002},
  publisher={Springer}
}
@inproceedings{vijayakumar2000locally,
  title={Locally weighted projection regression: Incremental real time learning in high dimensional space},
  author={Vijayakumar, Sethu and Schaal, Stefan},
  booktitle={Proceedings of the Seventeenth International Conference on Machine Learning},
  pages={1079--1086},
  year={2000},
  organization={Morgan Kaufmann Publishers Inc.}
}
@article{schaal1999imitation,
  title={Is imitation learning the route to humanoid robots?},
  author={Schaal, Stefan},
  journal={Trends in cognitive sciences},
  volume={3},
  number={6},
  pages={233--242},
  year={1999},
  publisher={Elsevier}
}
@inproceedings{mansour2000generalization,
  title={Generalization Bounds for Decision Trees.},
  author={Mansour, Yishay and McAllester, David A},
  booktitle={COLT},
  pages={69--74},
  year={2000},
  organization={Citeseer}
}
@book{breiman1984classification,
  title={Classification and regression trees},
  author={Breiman, Leo and Friedman, Jerome and Stone, Charles J and Olshen, Richard A},
  year={1984},
  publisher={CRC press}
}
@article{breiman2001random,
  title={Random forests},
  author={Breiman, Leo},
  journal={Machine learning},
  volume={45},
  number={1},
  pages={5--32},
  year={2001},
  publisher={Springer}
}
@article{rosasco2013nonparametric,
  title={Nonparametric sparsity and regularization},
  author={Rosasco, Lorenzo and Villa, Silvia and Mosci, Sofia and Santoro, Matteo and Verri, Alessandro},
  journal={The Journal of Machine Learning Research},
  volume={14},
  number={1},
  pages={1665--1714},
  year={2013},
  publisher={JMLR. org}
}
@article{duchi2011adaptive,
  title={Adaptive subgradient methods for online learning and stochastic optimization},
  author={Duchi, John and Hazan, Elad and Singer, Yoram},
  journal={The Journal of Machine Learning Research},
  volume={12},
  pages={2121--2159},
  year={2011},
  publisher={JMLR. org}
}
@misc{jianqing1996local,
  title={Local polynomial modelling and its applications},
  author={Jianqing, Fan and Irene, Gijbels},
  year={1996},
  publisher={London: Chapman and Hall}
}
@article{ruppert1994,
author = "Ruppert, D. and Wand, M. P.",
doi = "10.1214/aos/1176325632",
fjournal = "The Annals of Statistics",
journal = "Ann. Statist.",
month = "09",
number = "3",
pages = "1346--1370",
publisher = "The Institute of Mathematical Statistics",
title = "Multivariate Locally Weighted Least Squares Regression",
url = "http://dx.doi.org/10.1214/aos/1176325632",
volume = "22",
year = "1994"
}
@article{balcan2008theory,
  title={A theory of learning with similarity functions},
  author={Balcan, Maria-Florina and Blum, Avrim and Srebro, Nathan},
  journal={Machine Learning},
  volume={72},
  number={1-2},
  pages={89--112},
  year={2008},
  publisher={Springer}
}
@article{balcan2008improved,
  title={Improved guarantees for learning via similarity functions},
  author={Balcan, Maria-Florina and Blum, Avrim and Srebro, Nathan},
  journal={Computer Science Department},
  pages={126},
  year={2008}
}
@article{chandrasekaran2013computational,
  title={Computational and statistical tradeoffs via convex relaxation},
  author={Chandrasekaran, Venkat and Jordan, Michael I},
  journal={Proceedings of the National Academy of Sciences},
  volume={110},
  number={13},
  pages={E1181--E1190},
  year={2013},
  publisher={National Acad Sciences}
}
@inproceedings{agarwal2011oracle,
  title={Oracle inequalities for computationally budgeted model selection.},
  author={Agarwal, Alekh and Duchi, John C and Bartlett, Peter L and Levrard, Clement},
  booktitle={COLT},
  pages={69--86},
  year={2011},
  organization={Citeseer}
}
@inproceedings{shender2013computation,
  title={Computation-risk tradeoffs for covariance-thresholded regression},
  author={Shender, Dinah and Lafferty, John},
  booktitle={Proceedings of The 30th International Conference on Machine Learning},
  pages={756--764},
  year={2013}
}
@article{zhao2006model,
  title={On model selection consistency of Lasso},
  author={Zhao, Peng and Yu, Bin},
  journal={The Journal of Machine Learning Research},
  volume={7},
  pages={2541--2563},
  year={2006},
  publisher={JMLR. org}
}
@article{candes2007dantzig,
  title={The Dantzig selector: statistical estimation when p is much larger than n},
  author={Candes, Emmanuel and Tao, Terence},
  journal={The Annals of Statistics},
  pages={2313--2351},
  year={2007},
  publisher={JSTOR}
}
@book{hastie1990generalized,
  title={Generalized additive models},
  author={Hastie, Trevor J and Tibshirani, Robert J},
  volume={43},
  year={1990},
  publisher={CRC Press}
}
@article{yang1999information,
  title={Information-theoretic determination of minimax rates of convergence},
  author={Yang, Yuhong and Barron, Andrew},
  journal={Annals of Statistics},
  pages={1564--1599},
  year={1999},
  publisher={JSTOR}
}
@inproceedings{mairal2009online,
  title={Online dictionary learning for sparse coding},
  author={Mairal, Julien and Bach, Francis and Ponce, Jean and Sapiro, Guillermo},
  booktitle={Proceedings of the 26th Annual International Conference on Machine Learning},
  pages={689--696},
  year={2009},
  organization={ACM}
}
@inproceedings{zhang2010discriminative,
  title={Discriminative K-SVD for dictionary learning in face recognition},
  author={Zhang, Qiang and Li, Baoxin},
  booktitle={Computer Vision and Pattern Recognition (CVPR), 2010 IEEE Conference on},
  pages={2691--2698},
  year={2010},
  organization={IEEE}
}
@article{kreutz2003dictionary,
  title={Dictionary learning algorithms for sparse representation},
  author={Kreutz-Delgado, Kenneth and Murray, Joseph F and Rao, Bhaskar D and Engan, Kjersti and Lee, Te-Won and Sejnowski, Terrence J},
  journal={Neural computation},
  volume={15},
  number={2},
  pages={349--396},
  year={2003},
  publisher={MIT Press}
}
@article{arora2013new,
  title={New algorithms for learning incoherent and overcomplete dictionaries},
  author={Arora, Sanjeev and Ge, Rong and Moitra, Ankur},
  journal={arXiv preprint arXiv:1308.6273},
  year={2013}
}
@article{agarwal2013learning,
  title={Learning sparsely used overcomplete dictionaries via alternating minimization},
  author={Agarwal, Alekh and Anandkumar, Animashree and Jain, Prateek and Netrapalli, Praneeth},
  journal={arXiv preprint arXiv:1310.7991},
  year={2013}
}
@article{rigollet2006generalization,
  title={Generalization error bounds in semi-supervised classification under the cluster assumption},
  author={Rigollet, Philippe},
  journal={arXiv preprint math/0604233},
  year={2006}
}
@inproceedings{chapelle2002cluster,
  title={Cluster kernels for semi-supervised learning},
  author={Chapelle, Olivier and Weston, Jason and Sch{\"o}lkopf, Bernhard},
  booktitle={Advances in neural information processing systems},
  pages={585--592},
  year={2002}
}
@article{zhou2004learning,
  title={Learning with local and global consistency},
  author={Zhou, Dengyong and Bousquet, Olivier and Lal, Thomas Navin and Weston, Jason and Sch{\"o}lkopf, Bernhard},
  journal={Advances in neural information processing systems},
  volume={16},
  number={16},
  pages={321--328},
  year={2004}
}
@article{liu2011forest,
  title={Forest density estimation},
  author={Liu, Han and Xu, Min and Gu, Haijie and Gupta, Anupam and Lafferty, John and Wasserman, Larry},
  journal={The Journal of Machine Learning Research},
  volume={12},
  pages={907--951},
  year={2011},
  publisher={JMLR. org}
}
@article{wainwright2008graphical,
  title={Graphical models, exponential families, and variational inference},
  author={Wainwright, Martin J and Jordan, Michael I},
  journal={Foundations and Trends{\textregistered} in Machine Learning},
  volume={1},
  number={1-2},
  pages={1--305},
  year={2008},
  publisher={Now Publishers Inc.}
}
@article{lafferty2001conditional,
  title={Conditional random fields: Probabilistic models for segmenting and labeling sequence data},
  author={Lafferty, John and McCallum, Andrew and Pereira, Fernando CN},
  year={2001}
}
@book{pearl2014probabilistic,
  title={Probabilistic reasoning in intelligent systems: networks of plausible inference},
  author={Pearl, Judea},
  year={2014},
  publisher={Morgan Kaufmann}
}
@article{bartlett2005local,
  title={Local rademacher complexities},
  author={Bartlett, Peter L and Bousquet, Olivier and Mendelson, Shahar},
  journal={Annals of Statistics},
  pages={1497--1537},
  year={2005},
  publisher={JSTOR}
}
@article{koltchinskii2001rademacher,
  title={Rademacher penalties and structural risk minimization},
  author={Koltchinskii, Vladimir},
  journal={Information Theory, IEEE Transactions on},
  volume={47},
  number={5},
  pages={1902--1914},
  year={2001},
  publisher={IEEE}
}
@inproceedings{cortes2010generalization,
  title={Generalization bounds for learning kernels},
  author={Cortes, Corinna and Mohri, Mehryar and Rostamizadeh, Afshin},
  booktitle={Proceedings of the 27th International Conference on Machine Learning (ICML-10)},
  pages={247--254},
  year={2010}
}
@book{efron1982jackknife,
  title={The jackknife, the bootstrap and other resampling plans},
  author={Efron, Bradley and Efron, B},
  volume={38},
  year={1982},
  publisher={SIAM}
}
@article{stein1981estimation,
  title={Estimation of the mean of a multivariate normal distribution},
  author={Stein, Charles M},
  journal={The annals of Statistics},
  pages={1135--1151},
  year={1981},
  publisher={JSTOR}
}
@article{kleiner2014scalable,
  title={A scalable bootstrap for massive data},
  author={Kleiner, Ariel and Talwalkar, Ameet and Sarkar, Purnamrita and Jordan, Michael I},
  journal={Journal of the Royal Statistical Society: Series B (Statistical Methodology)},
  volume={76},
  number={4},
  pages={795--816},
  year={2014},
  publisher={Wiley Online Library}
}
@article{chernozhukov2013gaussian,
  title={Gaussian approximations and multiplier bootstrap for maxima of sums of high-dimensional random vectors},
  author={Chernozhukov, Victor and Chetverikov, Denis and Kato, Kengo and others},
  journal={The Annals of Statistics},
  volume={41},
  number={6},
  pages={2786--2819},
  year={2013},
  publisher={Institute of Mathematical Statistics}
}
@article{schapire1998boosting,
  title={Boosting the margin: A new explanation for the effectiveness of voting methods},
  author={Schapire, Robert E and Freund, Yoav and Bartlett, Peter and Lee, Wee Sun},
  journal={Annals of statistics},
  pages={1651--1686},
  year={1998},
  publisher={JSTOR}
}
@article{bousquet2002stability,
  title={Stability and generalization},
  author={Bousquet, Olivier and Elisseeff, Andr{\'e}},
  journal={The Journal of Machine Learning Research},
  volume={2},
  pages={499--526},
  year={2002},
  publisher={JMLR. org}
}
@article{breiman1996bagging,
  title={Bagging predictors},
  author={Breiman, Leo},
  journal={Machine learning},
  volume={24},
  number={2},
  pages={123--140},
  year={1996},
  publisher={Springer}
}
@article{jordan1994hierarchical,
  title={Hierarchical mixtures of experts and the EM algorithm},
  author={Jordan, Michael I and Jacobs, Robert A},
  journal={Neural computation},
  volume={6},
  number={2},
  pages={181--214},
  year={1994},
  publisher={MIT Press}
}
@inproceedings{orabona2014simultaneous,
  title={Simultaneous model selection and optimization through parameter-free stochastic learning},
  author={Orabona, Francesco},
  booktitle={Advances in Neural Information Processing Systems},
  pages={1116--1124},
  year={2014}
}
@inproceedings{chaudhuri2009parameter,
  title={A parameter-free hedging algorithm},
  author={Chaudhuri, Kamalika and Freund, Yoav and Hsu, Daniel J},
  booktitle={Advances in neural information processing systems},
  pages={297--305},
  year={2009}
}
@article{lepski1997optimal,
  title={Optimal pointwise adaptive methods in nonparametric estimation},
  author={Lepski, Oleg V and Spokoiny, VG},
  journal={The Annals of Statistics},
  pages={2512--2546},
  year={1997},
  publisher={JSTOR}
}
@article{ikonomovska2011learning,
  title={Learning model trees from evolving data streams},
  author={Ikonomovska, Elena and Gama, Jo{\~a}o and D{\v{z}}eroski, Sa{\v{s}}o},
  journal={Data mining and knowledge discovery},
  volume={23},
  number={1},
  pages={128--168},
  year={2011},
  publisher={Springer}
}
@article{ben2010streaming,
  title={A streaming parallel decision tree algorithm},
  author={Ben-Haim, Yael and Tom-Tov, Elad},
  journal={The Journal of Machine Learning Research},
  volume={11},
  pages={849--872},
  year={2010},
  publisher={JMLR. org}
}
@inproceedings{domingos2000mining,
  title={Mining high-speed data streams},
  author={Domingos, Pedro and Hulten, Geoff},
  booktitle={Proceedings of the sixth ACM SIGKDD international conference on Knowledge discovery and data mining},
  pages={71--80},
  year={2000},
  organization={ACM}
}
@article{van2008rates,
  title={Rates of contraction of posterior distributions based on Gaussian process priors},
  author={Van der Vaart, AW and Van Zanten, JH},
  journal={The Annals of Statistics},
  pages={1435--1463},
  year={2008},
  publisher={JSTOR}
}
@incollection{van2008reproducing,
  title={Reproducing kernel Hilbert spaces of Gaussian priors},
  author={van der Vaart, Aad W and van Zanten, J Harry and others},
  booktitle={Pushing the limits of contemporary statistics: contributions in honor of Jayanta K. Ghosh},
  pages={200--222},
  year={2008},
  publisher={Institute of Mathematical Statistics}
}
@book{kolmogorov1991selected,
  title={Selected works of AN Kolmogorov},
  author={Kolmogorov, Andre{\u\i}} Nikolaevich},
  volume={1},
  year={1991},
  publisher={Springer Science \& Business Media}
}
@article{zakai2009consistency,
  title={Consistency and localizability},
  author={Zakai, Alon and Ritov, Ya'acov},
  journal={The Journal of Machine Learning Research},
  volume={10},
  pages={827--856},
  year={2009},
  publisher={JMLR. org}
}
@article{chaudhuri2014consistent,
  title={Consistent procedures for cluster tree estimation and pruning},
  author={Chaudhuri, Kamalika and Dasgupta, Sanjoy and Kpotufe, Samory and von Luxburg, Ulrike},
  journal={Information Theory, IEEE Transactions on},
  volume={60},
  number={12},
  pages={7900--7912},
  year={2014},
  publisher={IEEE}
}
@inproceedings{gretton2009fast,
  title={A fast, consistent kernel two-sample test},
  author={Gretton, Arthur and Fukumizu, Kenji and Harchaoui, Zaid and Sriperumbudur, Bharath K},
  booktitle={Advances in neural information processing systems},
  pages={673--681},
  year={2009}
}
@inproceedings{smola2007hilbert,
  title={A Hilbert space embedding for distributions},
  author={Smola, Alex and Gretton, Arthur and Song, Le and Sch{\"o}lkopf, Bernhard},
  booktitle={Algorithmic Learning Theory},
  pages={13--31},
  year={2007},
  organization={Springer}
}
@book{sugiyama2012density,
  title={Density ratio estimation in machine learning},
  author={Sugiyama, Masashi and Suzuki, Taiji and Kanamori, Takafumi},
  year={2012},
  publisher={Cambridge University Press}
}
@article{ben2010theory,
  title={A theory of learning from different domains},
  author={Ben-David, Shai and Blitzer, John and Crammer, Koby and Kulesza, Alex and Pereira, Fernando and Vaughan, Jennifer Wortman},
  journal={Machine learning},
  volume={79},
  number={1-2},
  pages={151--175},
  year={2010},
  publisher={Springer}
}
@article{tsybakov1990recursive,
  title={Recursive estimation of the mode of a multivariate distribution},
  author={Tsybakov, Aleksandr Borisovich},
  journal={Problemy Peredachi Informatsii},
  volume={26},
  number={1},
  pages={38--45},
  year={1990},
  publisher={Russian Academy of Sciences, Branch of Informatics, Computer Equipment and Automatization}
}
@inproceedings{dasgupta2014optimal,
  title={Optimal rates for k-NN density and mode estimation},
  author={Dasgupta, Sanjoy and Kpotufe, Samory},
  booktitle={Advances in Neural Information Processing Systems},
  pages={2555--2563},
  year={2014}
}
@article{dasgupta1997sample,
  title={The sample complexity of learning fixed-structure Bayesian networks},
  author={Dasgupta, Sanjoy},
  journal={Machine Learning},
  volume={29},
  number={2-3},
  pages={165--180},
  year={1997},
  publisher={Springer}
}
@article{heckerman1995learning,
  title={Learning Bayesian networks: The combination of knowledge and statistical data},
  author={Heckerman, David and Geiger, Dan and Chickering, David M},
  journal={Machine learning},
  volume={20},
  number={3},
  pages={197--243},
  year={1995},
  publisher={Springer}
}
@article{lepski1997optimal,
  title={Optimal spatial adaptation to inhomogeneous smoothness: an approach based on kernel estimates with variable bandwidth selectors},
  author={Lepski, Oleg V and Mammen, Enno and Spokoiny, Vladimir G},
  journal={The Annals of Statistics},
  pages={929--947},
  year={1997},
  publisher={JSTOR}
}	
@article{donoho1995adapting,
  title={Adapting to unknown smoothness via wavelet shrinkage},
  author={Donoho, David L and Johnstone, Iain M},
  journal={Journal of the american statistical association},
  volume={90},
  number={432},
  pages={1200--1224},
  year={1995},
  publisher={Taylor \& Francis Group}
}
@inproceedings{dasgupta2008hierarchical,
  title={Hierarchical sampling for active learning},
  author={Dasgupta, Sanjoy and Hsu, Daniel},
  booktitle={Proceedings of the 25th international conference on Machine learning},
  pages={208--215},
  year={2008},
  organization={ACM}
}
@inproceedings{urner2013plal,
  title={Plal: Cluster-based active learning},
  author={Urner, Ruth and Wulff, Sharon and Ben-David, Shai},
  booktitle={Conference on Learning Theory},
  pages={376--397},
  year={2013}
}
@article{balcan2010true,
  title={The true sample complexity of active learning},
  author={Balcan, Maria-Florina and Hanneke, Steve and Vaughan, Jennifer Wortman},
  journal={Machine learning},
  volume={80},
  number={2-3},
  pages={111--139},
  year={2010},
  publisher={Springer}
}
@inproceedings{kpotufe2015hierarchical,
  title={Hierarchical Label Queries with Data-Dependent Partitions},
  author={Kpotufe, Samory and Urner, Ruth and Ben-David, Shai},
  booktitle={Proceedings of The 28th Conference on Learning Theory},
  pages={1176--1189},
  year={2015}
}
@article{chernozhukov2014anti,
  title={Anti-concentration and honest, adaptive confidence bands},
  author={Chernozhukov, Victor and Chetverikov, Denis and Kato, Kengo and others},
  journal={The Annals of Statistics},
  volume={42},
  number={5},
  pages={1787--1818},
  year={2014},
  publisher={Institute of Mathematical Statistics}
}
@inproceedings{kuzborskij2013stability,
  title={Stability and hypothesis transfer learning},
  author={Kuzborskij, Ilja and Orabona, Francesco},
  booktitle={Proceedings of the 30th International Conference on Machine Learning},
  pages={942--950},
  year={2013}
}
@article{pan2010survey,
  title={A survey on transfer learning},
  author={Pan, Sinno Jialin and Yang, Qiang},
  journal={Knowledge and Data Engineering, IEEE Transactions on},
  volume={22},
  number={10},
  pages={1345--1359},
  year={2010},
  publisher={IEEE}
}
@inproceedings{li2007bayesian,
  title={A bayesian divergence prior for classiffier adaptation},
  author={Li, Xiao and Bilmes, Jeff},
  booktitle={International Conference on Artificial Intelligence and Statistics},
  pages={275--282},
  year={2007}
}
@book{quionero2009dataset,
  title={Dataset shift in machine learning},
  author={Quionero-Candela, Joaquin and Sugiyama, Masashi and Schwaighofer, Anton and Lawrence, Neil D},
  year={2009},
  publisher={The MIT Press}
}
@article{chandrasekaran2013computational,
  title={Computational and statistical tradeoffs via convex relaxation},
  author={Chandrasekaran, Venkat and Jordan, Michael I},
  journal={Proceedings of the National Academy of Sciences},
  volume={110},
  number={13},
  pages={E1181--E1190},
  year={2013},
  publisher={National Acad Sciences}
}
@inproceedings{wainwright2012privacy,
  title={Privacy aware learning},
  author={Wainwright, Martin J and Jordan, Michael I and Duchi, John C},
  booktitle={Advances in Neural Information Processing Systems},
  pages={1430--1438},
  year={2012}
}
@inproceedings{zhu2014quantized,
  title={Quantized estimation of Gaussian sequence models in Euclidean balls},
  author={Zhu, Yuancheng and Lafferty, John},
  booktitle={Advances in Neural Information Processing Systems},
  pages={3662--3670},
  year={2014}
}
@inproceedings{berthet2013complexity,
  title={Complexity theoretic lower bounds for sparse principal component detection},
  author={Berthet, Quentin and Rigollet, Philippe},
  booktitle={Conference on Learning Theory},
  pages={1046--1066},
  year={2013}
}
@article{kambhatla1997dimension,
  title={Dimension reduction by local principal component analysis},
  author={Kambhatla, Nandakishore and Leen, Todd K},
  journal={Neural Computation},
  volume={9},
  number={7},
  pages={1493--1516},
  year={1997},
  publisher={MIT Press}
}
@article{bozdogan1987model,
  title={Model selection and Akaike's information criterion (AIC): The general theory and its analytical extensions},
  author={Bozdogan, Hamparsum},
  journal={Psychometrika},
  volume={52},
  number={3},
  pages={345--370},
  year={1987},
  publisher={Springer}
}
@article{akaike1981likelihood,
  title={Likelihood of a model and information criteria},
  author={Akaike, Hirotugu},
  journal={Journal of econometrics},
  volume={16},
  number={1},
  pages={3--14},
  year={1981},
  publisher={North-Holland}
}
@article{chen2008extended,
  title={Extended Bayesian information criteria for model selection with large model spaces},
  author={Chen, Jiahua and Chen, Zehua},
  journal={Biometrika},
  volume={95},
  number={3},
  pages={759--771},
  year={2008},
  publisher={Biometrika Trust}
}

@article{belkin2006manifold,
  title={Manifold regularization: A geometric framework for learning from labeled and unlabeled examples},
  author={Belkin, Mikhail and Niyogi, Partha and Sindhwani, Vikas},
  journal={Journal of machine learning research},
  volume={7},
  number={Nov},
  pages={2399--2434},
  year={2006}
}
@book{anthony2009neural,
  title={Neural network learning: Theoretical foundations},
  author={Anthony, Martin and Bartlett, Peter L},
  year={2009},
  publisher={cambridge university press}
}
@article{barron1994approximation,
  title={Approximation and estimation bounds for artificial neural networks},
  author={Barron, Andrew R},
  journal={Machine Learning},
  volume={14},
  number={1},
  pages={115--133},
  year={1994},
  publisher={Springer}
}
@article{mccaffrey1994convergence,
  title={Convergence rates for single hidden layer feedforward networks},
  author={McCaffrey, Daniel F and Gallant, A Ronald},
  journal={Neural Networks},
  volume={7},
  number={1},
  pages={147--158},
  year={1994},
  publisher={Elsevier}
}
@article{marling2002case,
  title={Case-based reasoning integrations},
  author={Marling, Cynthia and Sqalli, Mohammed and Rissland, Edwina and Mu{\~n}oz-Avila, Hector and Aha, David},
  journal={AI magazine},
  volume={23},
  number={1},
  pages={69},
  year={2002}
}
@article{mansour2009domain,
  title={Domain adaptation: Learning bounds and algorithms},
  author={Mansour, Yishay and Mohri, Mehryar and Rostamizadeh, Afshin},
  journal={arXiv preprint arXiv:0902.3430},
  year={2009}
}
@article{long2015learning,
  title={Learning transferable features with deep adaptation networks},
  author={Long, Mingsheng and Wang, Jianmin},
  journal={CoRR, abs/1502.02791},
  volume={1},
  pages={2},
  year={2015}
}
@article{lecun1995convolutional,
  title={Convolutional networks for images, speech, and time series},
  author={LeCun, Yann and Bengio, Yoshua},
  journal={The handbook of brain theory and neural networks},
  volume={3361},
  number={10},
  pages={1995},
  year={1995}
}
@techreport{rumelhart1985learning,
  title={Learning internal representations by error propagation},
  author={Rumelhart, David E and Hinton, Geoffrey E and Williams, Ronald J},
  year={1985},
  institution={DTIC Document}
}
@article{kpotufe2016gradients,
  title={Gradients weights improve regression and classification},
  author={Kpotufe, Samory and Boularias, Abdeslam and Schultz, Thomas and Kim, Kyoungok},
  journal={Journal of Machine Learning Research},
  volume={17},
  number={22},
  pages={1--34},
  year={2016}
}
@Article{kulkarni1995rates,
  title={Rates of convergence of nearest neighbor estimation under arbitrary sampling},
  author={Kulkarni, Sanjeev R and Posner, Steven E},
  journal={IEEE Transactions on Information Theory},
  volume={41},
  number={4},
  pages={1028--1039},
  year={1995},
  publisher={IEEE}
}
@inproceedings{berlind2015active,
  title={Active nearest neighbors in changing environments},
  author={Berlind, Christopher and Urner, Ruth},
  booktitle={International Conference on Machine Learning},
  pages={1870--1879},
  year={2015}
}
@article{gadat2014classification,
  title={Classification with the nearest neighbor rule in general finite dimensional spaces: necessary and sufficient conditions},
  author={Gadat, S{\'e}bastien and Klein, Thierry and Marteau, Cl{\'e}ment},
  journal={arXiv preprint arXiv:1411.0894},
  year={2014}
}

@book{cover2012elements,
  title={Elements of information theory},
  author={Cover, Thomas M and Thomas, Joy A},
  year={2012},
  publisher={John Wiley \& Sons}
}

@InProceedings{pmlr-v28-chattopadhyay13,
  title = 	 {Joint Transfer and Batch-mode Active Learning},
  author = 	 {Rita Chattopadhyay and Wei Fan and Ian Davidson and Sethuraman Panchanathan and Jieping Ye},
  booktitle = 	 {Proceedings of the 30th International Conference on Machine Learning},
  pages = 	 {253--261},
  year = 	 {2013},
  editor = 	 {Sanjoy Dasgupta and David McAllester},
  volume = 	 {28},
  number =       {3},
  series = 	 {Proceedings of Machine Learning Research}
}

@inproceedings{berlind2015active,
  title={Active nearest neighbors in changing environments},
  author={Berlind, Christopher and Urner, Ruth},
  booktitle={International Conference on Machine Learning},
  pages={1870--1879},
  year={2015}
}

@inproceedings{saha2011active,
  title={Active supervised domain adaptation},
  author={Saha, Avishek and Rai, Piyush and Daum{\'e}, Hal and Venkatasubramanian, Suresh and DuVall, Scott L},
  booktitle={Joint European Conference on Machine Learning and Knowledge Discovery in Databases},
  pages={97--112},
  year={2011},
  organization={Springer}
}

@inproceedings{rai2010domain,
  title={Domain adaptation meets active learning},
  author={Rai, Piyush and Saha, Avishek and Daum{\'e} III, Hal and Venkatasubramanian, Suresh},
  booktitle={Proceedings of the NAACL HLT 2010 Workshop on Active Learning for Natural Language Processing},
  pages={27--32},
  year={2010},
  organization={Association for Computational Linguistics}
}

@inproceedings{chen2011co,
  title={Co-training for domain adaptation},
  author={Chen, Minmin and Weinberger, Kilian Q and Blitzer, John},
  booktitle={Advances in neural information processing systems},
  pages={2456--2464},
  year={2011}
}

@article{cortesadaptation,
  title={Adaptation Based on Generalized Discrepancy},
  author={Cortes, Corinna and Mohri, Mehryar and Medina, Andr{\'e}s Munoz},
  journal={Machine Learning Research, forthcoming. URL http://www. cs. nyu. edu/\~{} mohri/pub/daj. pdf}
}

@article{mansour2009domain,
  title={Domain adaptation: Learning bounds and algorithms},
  author={Mansour, Yishay and Mohri, Mehryar and Rostamizadeh, Afshin},
  journal={arXiv preprint arXiv:0902.3430},
  year={2009}
}

@inproceedings{huang2007correcting,
  title={Correcting sample selection bias by unlabeled data},
  author={Huang, Jiayuan and Gretton, Arthur and Borgwardt, Karsten M and Sch{\"o}lkopf, Bernhard and Smola, Alex J},
  booktitle={Advances in neural information processing systems},
  pages={601--608},
  year={2007}
}
@inproceedings{mohri2012new,
  title={New analysis and algorithm for learning with drifting distributions},
  author={Mohri, Mehryar and Medina, Andres Munoz},
  booktitle={International Conference on Algorithmic Learning Theory},
  pages={124--138},
  year={2012},
  organization={Springer}
}

@inproceedings{david2010impossibility,
  title={Impossibility theorems for domain adaptation},
  author={Ben-David, Shai and Lu, Tyler and Luu, Teresa and P{\'a}l, D{\'a}vid},
  booktitle={Proceedings of the Thirteenth International Conference on Artificial Intelligence and Statistics},
  pages={129--136},
  year={2010}
}

@inproceedings{ben2012hardness,
  title={On the hardness of domain adaptation and the utility of unlabeled target samples},
  author={Ben-David, Shai and Urner, Ruth},
  booktitle={International Conference on Algorithmic Learning Theory},
  pages={139--153},
  year={2012},
  organization={Springer}
}
@inproceedings{germain2013pac,
  title={A PAC-Bayesian approach for domain adaptation with specialization to linear classifiers},
  author={Germain, Pascal and Habrard, Amaury and Laviolette, Fran{\c{c}}ois and Morvant, Emilie},
  booktitle={International Conference on Machine Learning},
  pages={738--746},
  year={2013}
}
@article{ben2010theory,
  title={A theory of learning from different domains},
  author={Ben-David, Shai and Blitzer, John and Crammer, Koby and Kulesza, Alex and Pereira, Fernando and Vaughan, Jennifer Wortman},
  journal={Machine learning},
  volume={79},
  number={1-2},
  pages={151--175},
  year={2010},
  publisher={Springer}
}
@inproceedings{mansour2009multiple,
  title={Multiple source adaptation and the R{\'e}nyi divergence},
  author={Mansour, Yishay and Mohri, Mehryar and Rostamizadeh, Afshin},
  booktitle={Proceedings of the Twenty-Fifth Conference on Uncertainty in Artificial Intelligence},
  pages={367--374},
  year={2009},
  organization={AUAI Press}
}
@inproceedings{huang2007correcting,
  title={Correcting sample selection bias by unlabeled data},
  author={Huang, Jiayuan and Gretton, Arthur and Borgwardt, Karsten M and Sch{\"o}lkopf, Bernhard and Smola, Alex J},
  booktitle={Advances in neural information processing systems},
  pages={601--608},
  year={2007}
}
@inproceedings{sugiyama2008direct,
  title={Direct importance estimation with model selection and its application to covariate shift adaptation},
  author={Sugiyama, Masashi and Nakajima, Shinichi and Kashima, Hisashi and Buenau, Paul V and Kawanabe, Motoaki},
  booktitle={Advances in neural information processing systems},
  pages={1433--1440},
  year={2008}
}
@article{samworth2012optimal,
  title={Optimal weighted nearest neighbour classifiers},
  author={Samworth, Richard J and others},
  journal={The Annals of Statistics},
  volume={40},
  number={5},
  pages={2733--2763},
  year={2012},
  publisher={Institute of Mathematical Statistics}
}
@inproceedings{chaudhuri2014rates,
  title={Rates of convergence for nearest neighbor classification},
  author={Chaudhuri, Kamalika and Dasgupta, Sanjoy},
  booktitle={Advances in Neural Information Processing Systems},
  pages={3437--3445},
  year={2014}
}
@book{shalev2014understanding,
  title={Understanding machine learning: From theory to algorithms},
  author={Shalev-Shwartz, Shai and Ben-David, Shai},
  year={2014},
  publisher={Cambridge university press}
}
@inproceedings{blitzer2011domain,
  title={Domain adaptation with coupled subspaces},
  author={Blitzer, John and Kakade, Sham and Foster, Dean},
  booktitle={Proceedings of the Fourteenth International Conference on Artificial Intelligence and Statistics},
  pages={173--181},
  year={2011}
}
@inproceedings{kuzborskij2013stability,
  title={Stability and hypothesis transfer learning},
  author={Kuzborskij, Ilja and Orabona, Francesco},
  booktitle={International Conference on Machine Learning},
  pages={942--950},
  year={2013}
}

@article{hoffman2017multiple,
  title={Multiple-Source Adaptation for Regression Problems},
  author={Hoffman, Judy and Mohri, Mehryar and Zhang, Ningshan},
  journal={arXiv preprint arXiv:1711.05037},
  year={2017}
}

@article{yang2013theory,
  title={A theory of transfer learning with applications to active learning},
  author={Yang, Liu and Hanneke, Steve and Carbonell, Jaime},
  journal={Machine learning},
  volume={90},
  number={2},
  pages={161--189},
  year={2013},
  publisher={Springer}
}
@inproceedings{kpotufe2017lipschitz,
  title={Lipschitz Density-Ratios, Structured Data, and Data-driven Tuning},
  author={Kpotufe, Samory},
  booktitle={Artificial Intelligence and Statistics},
  pages={1320--1328},
  year={2017}
}
@incollection{yu1997assouad,
  title={Assouad, fano, and le cam},
  author={Yu, Bin},
  booktitle={Festschrift for Lucien Le Cam},
  pages={423--435},
  year={1997},
  publisher={Springer}
}

@article{kpotufe2018marginal,
  title={Marginal Singularity, and the Benefits of Labels in Covariate-Shift},
  author={Kpotufe, Samory and Martinet, Guillaume},
  journal={arXiv preprint arXiv:1803.01833},
  year={2018}
}


