
@article{raghavendra2016strongly,
  title={Strongly refuting random csps below the spectral threshold},
  author={Raghavendra, Prasad and Rao, Satish and Schramm, Tselil},
  journal={arXiv preprint arXiv:1605.00058},
  year={2016}
}
@inproceedings{steinhardt2018resilience,
  title={Resilience: A criterion for learning in the presence of arbitrary outliers},
  author={Steinhardt, Jacob and Charikar, Moses and Valiant, Gregory},
booktitle={Innovations in Theoretical Computer Science (ITCS)},
  year={2018}
}

@article{kothari2017better,
  title={Better Agnostic Clustering Via Relaxed Tensor Norms},
  author={Kothari, Pravesh K and Steinhardt, Jacob},
  journal={arXiv preprint arXiv:1711.07465},
  year={2017}
}

@article{diakonikolas2017list,
  title={List-Decodable Robust Mean Estimation and Learning Mixtures of Spherical Gaussians},
  author={Diakonikolas, Ilias and Kane, Daniel M and Stewart, Alistair},
  journal={arXiv preprint arXiv:1711.07211},
  year={2017}
}

@article{diakonikolas2017learning,
  title={Learning geometric concepts with nasty noise},
  author={Diakonikolas, Ilias and Kane, Daniel M and Stewart, Alistair},
  journal={arXiv preprint arXiv:1707.01242},
  year={2017}
}

@article{kothari2017outlier,
  title={Outlier-robust moment-estimation via sum-of-squares},
  author={Kothari, Pravesh K and Steurer, David},
  journal={arXiv preprint arXiv:1711.11581},
  year={2017}
}

@article{haussler1995sphere,
  title={Sphere packing numbers for subsets of the Boolean n-cube with bounded Vapnik-Chervonenkis dimension},
  author={Haussler, David},
  journal={Journal of Combinatorial Theory, Series A},
  volume={69},
  number={2},
  pages={217--232},
  year={1995},
  publisher={Elsevier}
}


@article{keshavan2010matrix,
  title={Matrix completion from a few entries},
  author={Keshavan, Raghunandan H and Montanari, Andrea and Oh, Sewoong},
  journal={IEEE Transactions on Information Theory},
  volume={56},
  number={6},
  pages={2980--2998},
  year={2010},
  publisher={IEEE}
}

@article{candes2010matrix,
  title={Matrix completion with noise},
  author={Candes, Emmanuel J and Plan, Yaniv},
  journal={Proceedings of the IEEE},
  volume={98},
  number={6},
  pages={925--936},
  year={2010},
  publisher={IEEE}
}

@article{candes2009exact,
  title={Exact matrix completion via convex optimization},
  author={Cand{\`e}s, Emmanuel J and Recht, Benjamin},
  journal={Foundations of Computational mathematics},
  volume={9},
  number={6},
  pages={717},
  year={2009},
  publisher={Springer}
}

@inproceedings{bhatia2015robust,
  title={Robust regression via hard thresholding},
  author={Bhatia, Kush and Jain, Prateek and Kar, Purushottam},
  booktitle={Advances in Neural Information Processing Systems},
  pages={721--729},
  year={2015}
}


@inproceedings{CSV17,
  title={Learning from untrusted data},
  author={M. Charikar and J. Steinhardt and G. Valiant},
  booktitle={Symposium on Theory of Computing (to appear)},
  year={2017}
}


@inproceedings{diakonikolas2016robust,
  title={Robust estimators in high dimensions without the computational intractability},
  author={Diakonikolas, Ilias and Kamath, Gautam and Kane, Daniel M and Li, Jerry and Moitra, Ankur and Stewart, Alistair},
  booktitle={Foundations of Computer Science (FOCS), 2016 IEEE 57th Annual Symposium on},
  pages={655--664},
  year={2016},
  organization={IEEE}
}

@inproceedings{lai2016agnostic,
  title={Agnostic estimation of mean and covariance},
  author={Lai, Kevin A and Rao, Anup B and Vempala, Santosh},
  booktitle={Foundations of Computer Science (FOCS), 2016 IEEE 57th Annual Symposium on},
  pages={665--674},
  year={2016},
  organization={IEEE}
}

@inproceedings{steinhardt2016avoiding,
  title={Avoiding imposters and delinquents: Adversarial crowdsourcing and peer prediction},
  author={Steinhardt, Jacob and Valiant, Gregory and Charikar, Moses},
  booktitle={Advances in Neural Information Processing Systems},
  pages={4439--4447},
  year={2016}
}


@article{tukey1960survey,
  title={A survey of sampling from contaminated distributions},
  author={Tukey, John W},
  journal={Contributions to probability and statistics},
  volume={2},
  pages={448--485},
  year={1960}
}

@book{huber2011robust,
  title={Robust statistics},
  author={Huber, Peter J},
  year={2011},
  publisher={Springer}
}

@book{hampel2011robust,
  title={Robust statistics: the approach based on influence functions},
  author={Hampel, Frank R and Ronchetti, Elvezio M and Rousseeuw, Peter J and Stahel, Werner A},
  volume={114},
  year={2011},
  publisher={John Wiley \& Sons}
}

@inproceedings{hardt2013algorithms,
  title={Algorithms and Hardness for Robust Subspace Recovery.},
  author={Hardt, Moritz and Moitra, Ankur},
  booktitle={COLT},
  volume={30},
  pages={354--375},
  year={2013}
}


@inproceedings{feldman2015complexity,
  title={On the complexity of random satisfiability problems with planted solutions},
  author={Feldman, Vitaly and Perkins, Will and Vempala, Santosh},
  booktitle={Proceedings of the Forty-Seventh Annual ACM on Symposium on Theory of Computing},
  pages={77--86},
  year={2015},
  organization={ACM}
}
