@article{db1,
  author    = {Ruining He and
               Julian McAuley},
  title     = {Ups and Downs: Modeling the Visual Evolution of Fashion Trends with
               One-Class Collaborative Filtering},
  journal   = {CoRR},
  volume    = {abs/1602.01585},
  year      = {2016},
  url       = {http://arxiv.org/abs/1602.01585},
  timestamp = {Wed, 07 Jun 2017 14:41:00 +0200},
  biburl    = {http://dblp.uni-trier.de/rec/bib/journals/corr/HeM16},
  bibsource = {dblp computer science bibliography, http://dblp.org}
}

@article{db2,
  author    = {Julian J. McAuley and
               Christopher Targett and
               Qinfeng Shi and
               Anton van den Hengel},
  title     = {Image-based Recommendations on Styles and Substitutes},
  journal   = {CoRR},
  volume    = {abs/1506.04757},
  year      = {2015},
  url       = {http://arxiv.org/abs/1506.04757},
  timestamp = {Wed, 07 Jun 2017 14:42:19 +0200},
  biburl    = {http://dblp.uni-trier.de/rec/bib/journals/corr/McAuleyTSH15},
  bibsource = {dblp computer science bibliography, http://dblp.org}
}