@book{ziegler2012lectures,
  title={Lectures on polytopes},
  author={Ziegler, G{\"u}nter M},
  volume={152},
  year={2012},
  publisher={Springer Science \& Business Media}
}

@inproceedings{arora2013practical,
  title={A Practical Algorithm for Topic Modeling with Provable Guarantees.},
  author={Arora, Sanjeev and Ge, Rong and Halpern, Yonatan and Mimno, David M and Moitra, Ankur and Sontag, David and Wu, Yichen and Zhu, Michael},
  booktitle={ICML (2)},
  pages={280--288},
  year={2013}
}

@inbook{nist,
  title = {NIST Chemistry WebBook, NIST Standard Reference Database Number 69},
  editor = {P.J. Linstrom and W.G. Mallard},
  publisher = {National Institute of Standards and Technology},
  address = {Gaithersburg MD, 20899},
  note = "\url{http://webbook.nist.gov}, (retrieved January 5, 2017)"
 }

@article{gillis2015semidefinite,
  title={Semidefinite programming based preconditioning for more robust near-separable nonnegative matrix factorization},
  author={Gillis, Nicolas and Vavasis, Stephen A},
  journal={SIAM Journal on Optimization},
  volume={25},
  number={1},
  pages={677--698},
  year={2015},
  publisher={SIAM}
}

@article{mordukhovich2013easy,
  title={An easy path to convex analysis and applications},
  author={Mordukhovich, Boris S and Nam, Nguyen Mau},
  journal={Synthesis Lectures on Mathematics and Statistics},
  volume={6},
  number={2},
  pages={1--218},
  year={2013},
  publisher={Morgan \& Claypool Publishers}
}

@book{pearl2014probabilistic,
  title={Probabilistic reasoning in intelligent systems: networks of plausible inference},
  author={Pearl, Judea},
  year={2014},
  publisher={Morgan Kaufmann}
}

@article{hantoute2008subdifferential,
  title={Subdifferential calculus rules in convex analysis: a unifying approach via pointwise supremum functions},
  author={Hantoute, Abderrahim and L{\'o}pez, Marco A and Zalinescu, Constantin},
  journal={SIAM Journal on Optimization},
  volume={19},
  number={2},
  pages={863--882},
  year={2008},
  publisher={SIAM}
}

@inproceedings{ge2015intersecting,
  title={Intersecting Faces: Non-negative Matrix Factorization With New Guarantees},
  author={Ge, Rong and Zou, James},
  booktitle={Proceedings of the 32nd International Conference on Machine Learning (ICML-15)},
  pages={2295--2303},
  year={2015}
}


@article{gillis2014fast,
  title={Fast and robust recursive algorithmsfor separable nonnegative matrix factorization},
  author={Gillis, Nicolas and Vavasis, Stephen A},
  journal={IEEE transactions on pattern analysis and machine intelligence},
  volume={36},
  number={4},
  pages={698--714},
  year={2014},
  publisher={IEEE}
}

@inproceedings{roux2009adaptive,
  title={Adaptive template matching with shift-invariant semi-NMF},
  author={Roux, Jonathan L and Cheveign{\'e}, Alain D and Parra, Lucas C},
  booktitle={Advances in neural information processing systems},
  pages={921--928},
  year={2009}
}

@inproceedings{wang2010efficient,
  title={Efficient nonnegative matrix factorization with random projections},
  author={Wang, Fei and Li, Ping},
  booktitle={Proceedings of the 2010 SIAM International Conference on Data Mining},
  pages={281--292},
  year={2010},
  organization={SIAM}
}

@article{morup2012archetypal,
  title={Archetypal analysis for machine learning and data mining},
  author={M{\o}rup, Morten and Hansen, Lars Kai},
  journal={Neurocomputing},
  volume={80},
  pages={54--63},
  year={2012},
  publisher={Elsevier}
}

@article{miao2007endmember,
  title={Endmember extraction from highly mixed data using minimum volume constrained nonnegative matrix factorization},
  author={Miao, Lidan and Qi, Hairong},
  journal={IEEE Transactions on Geoscience and Remote Sensing},
  volume={45},
  number={3},
  pages={765--777},
  year={2007},
  publisher={IEEE}
}


@article{araujo2001successive,
  title={The successive projections algorithm for variable selection in spectroscopic multicomponent analysis},
  author={Ara{\'u}jo, M{\'a}rio C{\'e}sar Ugulino and Saldanha, Teresa Cristina Bezerra and Galvao, Roberto Kawakami Harrop and Yoneyama, Takashi and Chame, Henrique Caldas and Visani, Valeria},
  journal={Chemometrics and Intelligent Laboratory Systems},
  volume={57},
  number={2},
  pages={65--73},
  year={2001},
  publisher={Elsevier}
}

@article{kim2008fast,
  title={Fast Projection-Based Methods for the Least Squares Nonnegative Matrix Approximation Problem},
  author={Kim, Dongmin and Sra, Suvrit and Dhillon, Inderjit S},
  journal={Statistical Analysis and Data Mining},
  volume={1},
  number={1},
  pages={38--51},
  year={2008},
  publisher={Wiley Online Library}
}

@inproceedings{recht2012factoring,
  title={Factoring nonnegative matrices with linear programs},
  author={Recht, Ben and Re, Christopher and Tropp, Joel and Bittorf, Victor},
  booktitle={Advances in Neural Information Processing Systems},
  pages={1214--1222},
  year={2012}
}

@inproceedings{arora2012computing,
  title={Computing a nonnegative matrix factorization--provably},
  author={Arora, Sanjeev and Ge, Rong and Kannan, Ravindran and Moitra, Ankur},
  booktitle={Proceedings of the forty-fourth annual ACM symposium on Theory of computing},
  pages={145--162},
  year={2012},
  organization={ACM}
}

@article{cutler1994archetypal,
  title={Archetypal analysis},
  author={Cutler, Adele and Breiman, Leo},
  journal={Technometrics},
  volume={36},
  number={4},
  pages={338--347},
  year={1994},
  publisher={Taylor \& Francis}
}

@article{bolte2014proximal,
  title={Proximal alternating linearized minimization for nonconvex and nonsmooth problems},
  author={Bolte, J{\'e}r{\^o}me and Sabach, Shoham and Teboulle, Marc},
  journal={Mathematical Programming},
  volume={146},
  number={1-2},
  pages={459--494},
  year={2014},
  publisher={Springer}
}

@article{donoho2003does,
  title={When does non-negative matrix factorization give a correct decomposition into parts?},
  author={Donoho, David L and Stodden, Victoria},
  year={2003},
  publisher={Department of Statistics, Stanford University}
}

@article{lin2007projected,
  title={Projected gradient methods for nonnegative matrix factorization},
  author={Lin, Chih-Jen},
  journal={Neural computation},
  volume={19},
  number={10},
  pages={2756--2779},
  year={2007},
  publisher={MIT Press}
}

@article{kabashima2016phase,
  title={Phase transitions and sample complexity in bayes-optimal matrix factorization},
  author={Kabashima, Yoshiyuki and Krzakala, Florent and M{\'e}zard, Marc and Sakata, Ayaka and Zdeborov{\'a}, Lenka},
  journal={IEEE Trans. Inform. Theory},
  volume={62},
  number={7},
  pages={4228--4265},
  year={2016},
  publisher={IEEE}
}

@inproceedings{krzakala2013phase,
  title={Phase diagram and approximate message passing for blind calibration and dictionary learning},
  author={Krzakala, Florent and M{\'e}zard, Marc and Zdeborov{\'a}, Lenka},
  booktitle={Proc. of the IEEE Int. Symposium on Inform. Theory (ISIT)},
  pages={659--663},
  year={2013},
  month = {July},
  address = {Istanbul, Turkey}
}

@article{schniter2015compressive,
  title={Compressive phase retrieval via generalized approximate message passing},
  author={Schniter, Philip and Rangan, Sundeep},
  journal={IEEE Transactions on Signal Processing},
  volume={63},
  number={4},
  pages={1043--1055},
  year={2015},
  publisher={IEEE}
}

@article{javanmard2013state,
  title={State evolution for general approximate message passing algorithms, with applications to spatial coupling},
  author={Javanmard, Adel and Montanari, Andrea},
  journal={Information and Inference},
  pages={115-144},
  year={2013},
  publisher={Oxford University Press}
}

@article{paatero1994positive,
  title={Positive matrix factorization: A non-negative factor model with optimal utilization of error estimates of data values},
  author={Paatero, Pentti and Tapper, Unto},
  journal={Environmetrics},
  volume={5},
  number={2},
  pages={111--126},
  year={1994},
  publisher={Wiley Online Library}
}

@article{ma2014signal,
  title={A signal processing perspective on hyperspectral unmixing: Insights from remote sensing},
  author={Ma, Wing-Kin and Bioucas-Dias, Jos{\'e} M and Chan, Tsung-Han and Gillis, Nicolas and Gader, Paul and Plaza, Antonio J and Ambikapathi, ArulMurugan and Chi, Chong-Yung},
  journal={IEEE Signal Processing Magazine},
  volume={31},
  number={1},
  pages={67--81},
  year={2014},
  publisher={IEEE}
}

@article{paatero1997least,
  title={Least squares formulation of robust non-negative factor analysis},
  author={Paatero, Pentti},
  journal={Chemometrics and intelligent laboratory systems},
  volume={37},
  number={1},
  pages={23--35},
  year={1997},
  publisher={Elsevier}
}

@inproceedings{lee2001algorithms,
  title={Algorithms for non-negative matrix factorization},
  author={Lee, Daniel D and Seung, H Sebastian},
  booktitle={Advances in neural information processing systems (NIPS)},
  pages={556--562},
  year={2001}
}

@article{janson2004upper,
  title={Upper tails for subgraph counts in random graphs},
  author={Janson, Svante and Oleszkiewicz, Krzysztof and Ruci{\'n}ski, Andrzej},
  journal={Israel Journal of Mathematics},
  volume={142},
  number={1},
  pages={61--92},
  year={2004},
  publisher={Springer}
}

@inproceedings{xu2003document,
  title={Document clustering based on non-negative matrix factorization},
  author={Xu, Wei and Liu, Xin and Gong, Yihong},
  booktitle={Proceedings of the 26th annual international ACM SIGIR conference on Research and development in informaion retrieval},
  pages={267--273},
  year={2003},
  organization={ACM}
}

@article{lee1999learning,
  title={Learning the parts of objects by non-negative matrix factorization},
  author={Lee, Daniel D and Seung, H Sebastian},
  journal={Nature},
  volume={401},
  number={6755},
  pages={788--791},
  year={1999},
  publisher={Nature Publishing Group}
}

@book{tao2012topics,
  title={Topics in random matrix theory},
  author={Tao, Terence},
  volume={132},
  year={2012},
  publisher={American Mathematical Soc.}
}

@techreport{tao2012random,
  title={Random matrices: The Universality phenomenon for Wigner ensembles},
  author={Tao, Terence and Vu, Van},
  year={2012}
}

@article{vershynin2010introduction,
  title={Introduction to the non-asymptotic analysis of random matrices},
  author={Vershynin, Roman},
  journal={arXiv preprint arXiv:1011.3027},
  year={2010}
}

@article{sahni1976p,
  title={P-complete approximation problems},
  author={Sahni, Sartaj and Gonzalez, Teofilo},
  journal={Journal of the ACM (JACM)},
  volume={23},
  number={3},
  pages={555--565},
  year={1976},
  publisher={ACM}
}

@article{janson1990poisson,
  title={Poisson approximation for large deviations},
  author={Janson, Svante},
  journal={Random Structures \& Algorithms},
  volume={1},
  number={2},
  pages={221--229},
  year={1990},
  publisher={Wiley Online Library}
}

@article{hajek2014computational,
  title={Computational lower bounds for community detection on random graphs},
  author={Hajek, Bruce and Wu, Yihong and Xu, Jiaming},
  journal={arXiv preprint arXiv:1406.6625},
  year={2014}
}

@article{kovanen2013temporal,
  title={Temporal motifs reveal homophily, gender-specific patterns, and group talk in call sequences},
  author={Kovanen, Lauri and Kaski, Kimmo and Kert{\'e}sz, J{\'a}nos and Saram{\"a}ki, Jari},
  journal={Proceedings of the National Academy of Sciences},
  volume={110},
  number={45},
  pages={18070--18075},
  year={2013},
  publisher={National Acad Sciences}
}

@article{weiss1955method,
  title={A method for the analysis of the structure of complex organizations},
  author={Weiss, Robert S and Jacobson, Eugene},
  journal={American Sociological Review},
  pages={661--668},
  year={1955},
  publisher={JSTOR}
}

@book{easley2010networks,
  title={Networks, crowds, and markets: Reasoning about a highly connected world},
  author={Easley, David and Kleinberg, Jon},
  year={2010},
  publisher={Cambridge University Press}
}

@book{wasserman1994social,
  title={Social network analysis: Methods and applications},
  author={Wasserman, Stanley and Faust, Katherine},
  volume={8},
  year={1994},
  publisher={Cambridge university press}
}

@article{granovetter1973strength,
  title={The strength of weak ties},
  author={Granovetter, Mark S},
  journal={American journal of sociology},
  pages={1360--1380},
  year={1973},
  publisher={JSTOR}
}

@article{alon2007network,
  title={Network motifs: theory and experimental approaches},
  author={Alon, Uri},
  journal={Nature Reviews Genetics},
  volume={8},
  number={6},
  pages={450--461},
  year={2007},
  publisher={Nature Publishing Group}
}

@article{verzelen2013community,
  title={Community detection in sparse random networks},
  author={Verzelen, Nicolas and Arias-Castro, Ery},
  journal={arXiv preprint arXiv:1308.2955},
  year={2013}
}

@book{nesterov1994interior,
  title={Interior-point polynomial algorithms in convex programming},
  author={Nesterov, Yurii and Nemirovsky, Arkadii},
  publisher={SIAM},
  year={1994}
}

@article{hajek2015information,
  title={Information Limits for Recovering a Hidden Community},
  author={Hajek, Bruce and Wu, Yihong and Xu, Jiaming},
  journal={{\sf arXiv:1509.07859}},
  year={2015}
}

@article{montanari2015finding,
  title={Finding One Community in a Sparse Graph},
  author={Montanari, Andrea},
  journal={arXiv preprint arXiv:1502.05680},
  year={2015}
}

@article{kashtan2005spontaneous,
  title={Spontaneous evolution of modularity and network motifs},
  author={Kashtan, Nadav and Alon, Uri},
  journal={Proceedings of the National Academy of Sciences of the United States of America},
  volume={102},
  number={39},
  pages={13773--13778},
  year={2005},
  publisher={National Acad Sciences}
}

@article{yeger2004network,
  title={Network motifs in integrated cellular networks of transcription--regulation and protein--protein interaction},
  author={Yeger-Lotem, Esti and Sattath, Shmuel and Kashtan, Nadav and Itzkovitz, Shalev and Milo, Ron and Pinter, Ron Y and Alon, Uri and Margalit, Hanah},
  journal={Proceedings of the National Academy of Sciences of the United States of America},
  volume={101},
  number={16},
  pages={5934--5939},
  year={2004},
  publisher={National Acad Sciences}
}

@article{kashtan2004efficient,
  title={Efficient sampling algorithm for estimating subgraph concentrations and detecting network motifs},
  author={Kashtan, Nadav and Itzkovitz, Shalev and Milo, Ron and Alon, Uri},
  journal={Bioinformatics},
  volume={20},
  number={11},
  pages={1746--1758},
  year={2004},
  publisher={Oxford Univ Press}
}

@article{milo2002network,
  title={Network motifs: simple building blocks of complex networks},
  author={Milo, Ron and Shen-Orr, Shai and Itzkovitz, Shalev and Kashtan, Nadav and Chklovskii, Dmitri and Alon, Uri},
  journal={Science},
  volume={298},
  number={5594},
  pages={824--827},
  year={2002},
  publisher={American Association for the Advancement of Science}
}

@article{deshpande2013finding,
  title={Finding Hidden Cliques of Size $\sqrt{N/e}$ in Nearly Linear Time},
  author={Deshpande, Yash and Montanari, Andrea},
  journal={Foundations of Computational Mathematics},
  pages={1--60},
  year={2013},
  publisher={Springer}
}

@article{arias2014community,
  title={Community detection in dense random networks},
  author={Arias-Castro, Ery and Verzelen, Nicolas},
  journal={The Annals of Statistics},
  volume={42},
  number={3},
  pages={940--969},
  year={2014},
  publisher={Institute of Mathematical Statistics}
}

@article{kim2000concentration,
  title={Concentration of multivariate polynomials and its applications},
  author={Kim, Jeong Han and Vu, Van H},
  journal={Combinatorica},
  volume={20},
  number={3},
  pages={417--434},
  year={2000},
  publisher={Springer}
}

@article{ingster2010detection,
  title={Detection boundary in sparse regression},
  author={Ingster, Yuri I and Tsybakov, Alexandre B and Verzelen, Nicolas and others},
  journal={Electronic Journal of Statistics},
  volume={4},
  pages={1476--1526},
  year={2010},
  publisher={Institute of Mathematical Statistics}
}

@article{erdHos2012spectral,
  title={Spectral statistics of Erd{\H{o}}s-R{\'e}nyi Graphs II: Eigenvalue spacing and the extreme eigenvalues},
  author={Erd{\H{o}}s, L{\'a}szl{\'o} and Knowles, Antti and Yau, Horng-Tzer and Yin, Jun},
  journal={Communications in Mathematical Physics},
  volume={314},
  number={3},
  pages={587--640},
  year={2012},
  publisher={Springer}
}

@article{zhao1998semidefinite,
  title={Semidefinite programming relaxations for the quadratic assignment problem},
  author={Zhao, Qing and Karisch, Stefan E and Rendl, Franz and Wolkowicz, Henry},
  journal={Journal of Combinatorial Optimization},
  volume={2},
  number={1},
  pages={71--109},
  year={1998},
  publisher={Springer}
}

@book{burkard2013quadratic,
  title={Quadratic assignment problems},
  author={Burkard, Rainer E},
  year={2013},
  publisher={Springer}
}

@book{lauritzen1996graphical,
  title={Graphical models},
  author={Lauritzen, Steffen L},
  year={1996},
  publisher={Oxford University Press}
}

@book{biggs1993algebraic,
  title={Algebraic graph theory},
  author={Biggs, Norman},
  year={1993},
  publisher={Cambridge University Press}
}

@book{georgii2011gibbs,
  title={Gibbs measures and phase transitions},
  author={Georgii, Hans-Otto},
  volume={9},
  year={2011},
  publisher={Walter de Gruyter}
}


@book{koller2009probabilistic,
  title={Probabilistic graphical models: principles and techniques},
  author={Koller, Daphne and Friedman, Nir},
  year={2009},
  publisher={MIT press}
}

@book{bollobas2001random,
  title={Random graphs},
  author={Bollob{\'a}s, B{\'e}la},
  volume={73},
  year={2001},
  publisher={Cambridge university press}
}

@book{janson2000random,
  title={Random graphs},
  author={Janson, Svante and Luczak, Tomasz and Kolchin, VF},
  year={2000},
  publisher={Cambridge Univ Press}
}

@book{bollobas1978extremal,
  title={Extremal graph theory},
  author={Bollob{\'a}s, B{\'e}la},
  year={1978},
  publisher={DoverPublications. com}
}

@article{ising1925beitrag,
  title={Beitrag zur theorie des ferromagnetismus},
  author={Ising, Ernst},
  journal={Zeitschrift f{\"u}r Physik A Hadrons and Nuclei},
  volume={31},
  number={1},
  pages={253--258},
  year={1925},
  publisher={Springer}
}

@article{montanari2012weak,
  title={The weak limit of Ising models on locally tree-like graphs},
  author={Montanari, Andrea and Mossel, Elchanan and Sly, Allan},
  journal={Probability Theory and Related Fields},
  volume={152},
  number={1-2},
  pages={31--51},
  year={2012},
  publisher={Springer}
}

@article{basak2012ferromagnetic,
  title={Ferromagnetic Ising measures on large locally tree-like graphs},
  author={Basak, Anirban and Dembo, Amir},
  journal={arXiv preprint arXiv:1205.4749},
  year={2012}
}

@incollection{aldous2004objective,
  title={The objective method: Probabilistic combinatorial optimization and local weak convergence},
  author={Aldous, David and Steele, J Michael},
  booktitle={Probability on discrete structures},
  pages={1--72},
  year={2004},
  publisher={Springer}
}

@article{elek2010sofic,
  title={Sofic equivalence relations},
  author={Elek, G{\'a}bor and Lippner, G{\'a}bor},
  journal={Journal of Functional Analysis},
  volume={258},
  number={5},
  pages={1692--1708},
  year={2010},
  publisher={Elsevier}
}

@article{benjamini2012unimodular,
  title={Unimodular random trees},
  author={Benjamini, Itai and Lyons, Russell and Schramm, Oded},
  journal={arXiv preprint arXiv:1207.1752},
  year={2012}
}

@article{aldous2007processes,
  title={Processes on unimodular random networks},
  author={Aldous, David and Lyons, Russell},
  journal={Electron. J. Probab},
  volume={12},
  number={54},
  pages={1454--1508},
  year={2007}
}

@article{biggs1998constructions,
  title={Constructions for cubic graphs with large girth},
  author={Biggs, Norman},
  journal={Journal of Combinatorics},
  volume={5},
  pages={1--26},
  year={1998}
}

@article{wormald1999models,
  title={Models of random regular graphs},
  author={Wormald, Nicholas C},
  journal={London Mathematical Society Lecture Note Series},
  pages={239--298},
  year={1999},
  publisher={Cambridge University Press}
}


@article{benjamini1996percolation,
  title={Percolation beyond $Z^d$, many questions and a few answers},
  author={Benjamini, Itai and Schramm, Oded},
  booktitle={Electr. Commun. Probab},
  year={1996},
  organization={Citeseer}
}

@article{benjamini2001recurrence,
  title={Recurrence of distributional limits of finit planar graphs},
  author={Benjamini, I and Schramm, O},
  journal={Electronic Journal of Probability},
  volume={6},
  pages={1--13},
  year={2001},
  publisher={Institute of Mathematical Statistics}
}

@UNPUBLISHED{GBR-hypothesis,
  author = {S.~van de Geer and P.~B{\"u}hlmann and Y.~Ritov},
  title = "{On asymptotically optimal confidence regions and tests for high-dimensional models}",
  year = {2013},
  note = {{\sf  	arXiv:1303.0518}}
  }

@article{alon2002concentration,
  title={On the concentration of eigenvalues of random symmetric matrices},
  author={Alon, Noga and Krivelevich, Michael and Vu, Van H},
  journal={Israel Journal of Mathematics},
  volume={131},
  number={1},
  pages={259--267},
  year={2002},
  publisher={Springer}
}

@article{dembo2010gibbs,
  title={Gibbs measures and phase transitions on sparse random graphs},
  author={Dembo, Amir and Montanari, Andrea},
  journal={Brazilian Journal of Probability and Statistics},
  volume={24},
  number={2},
  pages={137--211},
  year={2010},
  publisher={Brazilian Statistical Association}
}

@UNPUBLISHED{DemboNotes,
  author = {Amir Dembo},
  title = "{Probability Theory}",
  year = {2013},
  note = {{\sf http://www.stanford.edu/~montanar/TEACHING/Stat310A/lnotes.pdf}}
  }

@article{zou2006sparse,
  title={Sparse principal component analysis},
  author={Zou, Hui and Hastie, Trevor and Tibshirani, Robert},
  journal={Journal of computational and graphical statistics},
  volume={15},
  number={2},
  pages={265--286},
  year={2006},
  publisher={Taylor \& Francis}
}

@article{johnstone2009consistency,
  title={On consistency and sparsity for principal components analysis in high dimensions},
  author={Johnstone, Iain M and Lu, Arthur Yu},
  journal={Journal of the American Statistical Association},
  volume={104},
  number={486},
  year={2009}
}

@UNPUBLISHED{Zhou-threshold,
  author = {S.~Zhou},
  title = "{Thresholded Lasso for high dimensional variable selection and
statistical estimation}",
  year = {2010},
  note = {{\sf  arXiv:1002.1583v2}}
  }


@incollection{Johnstone-chi2,
    author = {I.~Johnstone},
    booktitle = "{State of the Art in Probability and Statistics}",
    pages = {399-418},
    title = {Chi-squared oracle inequalities},
    editor    = {M.~de Gunst and C.~Klaassen and A.~van der Vaart},
    publisher = {IMS Lecture Notes, Institute of Mathematical Statistics},
    year      = 2001
}

@misc{FrankAsuncion2010 ,
author = "A. Frank and A. Asuncion",
year = "2010",
title = "{UCI} Machine Learning Repository (Communities and Crime data set)",
howpublished = {{\sf http://archive.ics.uci.edu/ml}},
note = "{University of California, Irvine, School of Information and Computer Sciences}" 
}


@incollection{Ledoux,
author = {M.~Ledoux},
title = "{The concentration of measure phenomenon}",
booktitle = {Mathematical Surveys and Monographs},
publisher =  "{American Mathematical Society, Providence, RI}",
volume = {89},
year = {2001}
}


@incollection{Szarek:survey,
    author = {K.~R.~Davidson and S.~J.~Szarek},
    booktitle = {Handbook on the Geometry of Banach spaces},
    pages = {317-366},
    publisher = {Elsevier Science},
    title = {Local operator theory, random matrices and {B}anach spaces},
    volume = {1},
    year = {2001}
}

@incollection{Vershynin-CS,
    author = {R.~Vershynin},
    booktitle = {Compressed Sensing: Theory and Applications},
    pages = {210-268},
    title = {Introduction to the non-asymptotic analysis of random matrices},
    editor    = {Y.C.~Eldar and G.~Kutyniok},
    publisher = {Cambridge University Press},
    year      = 2012
}

@ARTICLE{Marchenko,
  author = {Vladimir A. Mar{\v c}enko and Leonid A. Pastur},
  title = "{Distribution of eigenvalues in certain sets of random matrices}",
 JOURNAL =      {Mat. Sb. (N.S.)},
  YEAR =         {1967},
  volume =       {72},
  pages =        {457-483 (in Russian)}
  }
  
  @ARTICLE{Geman,
  author = {S. Geman},
  title = "{A limit theorem for the norm of random matrices}",
 JOURNAL =      {Annals of Probability},
  YEAR =         {1980},
  volume =       {8},
  pages =        {252-261}
  }

  @ARTICLE{Silverstein,
  author = {J. W. Silverstein},
  title = "{The smallest eigenvalue of a large dimensional Wishart matrix}",
 JOURNAL =      {Annals of Probability},
  YEAR =         {1985},
  volume =       {13},
  pages =        {1364-1368}
  }
  
@ARTICLE{Breastcancer-2004,
  author = {P.~G.~Moorman and P.~D.~Terry},
  title = "{Consumption of dairy products and the risk of breast cancer: a review of the literature}",
 JOURNAL =      {The American Journal of Clinical Nutrition},
  YEAR =         {2004},
  volume =       {80},
  pages =        {5-14},
  month =        {July}
  }
  
@ARTICLE{KabashimaOrthogonal,
  author = {Y.~Kabashima and M.~Vehkapera, S.~Chatterjee},
  title = "{Typical $l_1$-recovery limit of sparse vectors represented by concatenations of random orthogonal matrices}",
 JOURNAL =      {J. Stat. Mech.},
  YEAR =         {2012},
  pages =        {P12003}
  }
  
 
@article{javanmard2013hypothesis,
  title={Hypothesis Testing in High-Dimensional Regression under the Gaussian Random Design Model: Asymptotic Theory},
  author={Javanmard, Adel and Montanari, Andrea},
  journal={arXiv preprint arXiv:1301.4240},
  year={2013}
}

@UNPUBLISHED{JM-Support,
  author = {A.~Javanmard and A.~Montanari},
  title = "{Hyothesis Testing and Sparse Support Recovery in the Gaussian Random Design Model}",
  year = {2013},
  note = {{\sf In preparation}}
  }
@UNPUBLISHED{JM-StateEvolution,
  author = {A.~Javanmard and A.~Montanari},
  title = "{State Evolution for General Approximate Message Passing
Algorithms, with Applications to Spatial Coupling}",
  year = {2012},
  note = {{\sf  arXiv:1211.5164v1}}
  }

@article{furedi1981eigenvalues,
  title={The eigenvalues of random symmetric matrices},
  author={F{\"u}redi, Zolt{\'a}n and Koml{\'o}s, J{\'a}nos},
  journal={Combinatorica},
  volume={1},
  number={3},
  pages={233--241},
  year={1981},
  publisher={Springer}
}

@book{lehmann2005testing,
  title={Testing statistical hypotheses},
  author={Lehmann, E.L. and Romano, J.P.},
  year={2005},
  publisher={Springer}
}

@inproceedings{angluin1980local,
  title={Local and global properties in networks of processors},
  author={Angluin, Dana},
  booktitle={Proceedings of the twelfth annual ACM symposium on Theory of computing},
  pages={82--93},
  year={1980},
  organization={ACM}
}

@inproceedings{achlioptas2004two,
  title={The two possible values of the chromatic number of a random graph},
  author={Achlioptas, Dimitris and Naor, Assaf},
  booktitle={Proceedings of the thirty-sixth annual ACM symposium on Theory of computing},
  pages={587--593},
  year={2004},
  organization={ACM}
}

@article{naor1995can,
  title={What can be computed locally?},
  author={Naor, Moni and Stockmeyer, Larry},
  journal={SIAM Journal on Computing},
  volume={24},
  number={6},
  pages={1259--1277},
  year={1995},
  publisher={SIAM}
}

@article{linial1992locality,
  title={Locality in distributed graph algorithms},
  author={Linial, Nathan},
  journal={SIAM Journal on Computing},
  volume={21},
  number={1},
  pages={193--201},
  year={1992},
  publisher={SIAM}
}

@article{berthet2013computational,
  title={Computational Lower Bounds for Sparse PCA},
  author={Berthet, Quentin and Rigollet, Philippe},
  journal={arXiv preprint arXiv:1304.0828},
  year={2013}
}

@article{feldman2012statistical,
  title={Statistical algorithms and a lower bound for planted clique},
  author={Feldman, Vitaly and Grigorescu, Elena and Reyzin, Lev and Vempala, Santosh and Xiao, Ying},
  journal={arXiv preprint arXiv:1201.1214},
  year={2012}
}

@article{hatami2012limits,
  title={Limits of local-global convergent graph sequences},
  author={Hatami, Hamed and Lov{\'a}sz, L{\'a}szl{\'o} and Szegedy, Bal{\'a}zs},
  journal={arXiv preprint arXiv:1205.4356},
  year={2012}
}

@article{janson2009probability,
  title={The probability that a random multigraph is simple},
  author={Janson, Svante},
  journal={Combinatorics, probability \& computing},
  volume={18},
  number={1-2},
  pages={205--225},
  year={2009},
  publisher={Cambridge Univ Press}
}

@article{suomela2013survey,
  title={Survey of local algorithms},
  author={Suomela, Jukka},
  journal={ACM Computing Surveys (CSUR)},
  volume={45},
  number={2},
  pages={24},
  year={2013},
  publisher={ACM}
}

@article{davis1970sin,
     title = {The Rotation of Eigenvectors by a Perturbation. III},
     author = {Davis, Chandler and Kahan, W. M.},
     journal = {SIAM Journal on Numerical Analysis},
     volume = {7},
     number = {1},
     pages = {pp. 1-46},
     url = {http://www.jstor.org/stable/2949580},
     ISSN = {00361429},
     year = {1970},
     publisher = {Society for Industrial and Applied Mathematics},
}

@inproceedings{alon1998finding,
  title={Finding a large hidden clique in a random graph},
  author={Alon, Noga and Krivelevich, Michael and Sudakov, Benny},
  booktitle={Proceedings of the ninth annual ACM-SIAM symposium on Discrete algorithms},
  pages={594--598},
  year={1998},
  organization={Society for Industrial and Applied Mathematics}
}


@BOOK{NishimoriBook,
AUTHOR = "H.~Nishimori",
TITLE = "{Statistical Physics of Spin Glasses and Information Processing: An Introduction}",
PUBLISHER = "Oxford University Press",
YEAR = "2001"
}

@BOOK{SpinGlass,
AUTHOR = "M.~M\'ezard and G.~Parisi and M.~A.~Virasoro",
TITLE = "Spin Glass Theory and Beyond",
PUBLISHER = "World Scientific",
year = 1987
 }

@book{mezard1987spin,
  title={Spin glass theory and beyond: An Introduction to the Replica Method and Its Applications},
  author={M{\'e}zard, Marc and Parisi, Giorgio and Virasoro, Miguel},
  volume={9},
  year={1987},
  publisher={World Scientific}
}


@UNPUBLISHED{Bolthausen,
  author = {E.~Bolthausen},
  title = "{On the high-temperature phase of the Sherrington-Kirkpatrick model}",
  year = {2009},
  month = {September},
  note = {Seminar at EURANDOM, Eindhoven}
  }

@ARTICLE{KM-2010,
  author = {S.~Korada and A.~Montanari},
  title = "{Applications of Lindeberg Principle in Communications and Statistical Learning}",
 JOURNAL =      {IEEE Trans. Inform. Theory},
  YEAR =         {2011},
  volume =       {57},
  pages =        {2440-2450},
  month =        {April}
  }



@UNPUBLISHED{OursInPreparation,
  AUTHOR =       {Hamid Javadi and Andrea Montanari},
  TITLE =        {The hidden motifs problem},
  YEAR =         {2015},
  note =         {In preparation}
}

@UNPUBLISHED{StOMP,
  AUTHOR =       {D.~L.~Donoho and Y.~Tsaig and I.~Drori and J.-L.~Starck},
  TITLE =        {Sparse Solution of Underdetermined Linear Equations by Stagewise Orthogonal Matching Pursuit},
  YEAR =         {2006},
  note =         {Stanford Technical Report}
}

@UNPUBLISHED{CandesRechtSimple,
   AUTHOR = {E.~Cand\'es and B.~Recht},
   TITLE =  {Simple Bounds for Low-complexity Model Reconstruction},
   YEAR = 2011,
   NOTE = {{\sf arXiv:1106.1474}}
}

@UNPUBLISHED{RechtNowakTight,
   AUTHOR = {N.~Rao and B.~Recht and R.~Nowak},
   TITLE = {Tight Measurement Bounds for Exact Recovery of Structured Sparse Signals},
   YEAR = 2011,
   NOTE = {{\sf arXiv:1106.4355}}
}

@UNPUBLISHED{ChandrasekaranRecht,
   AUTHOR = {V.~Chandrasekaran and B.~Recht and P.~A.~Parrilo and A.S.~Willsky},
   TITLE = {The Convex Geometry of Linear Inverse Problems},
   YEAR = 2011,
   NOTE = {{\sf arXiv:1012.0621}}
}

@book{billingsley2008probability,
  title={Probability and measure},
  author={Billingsley, Patrick},
  year={2008},
  publisher={John Wiley \& Sons}
}

@ARTICLE{BickelEtAl,
  AUTHOR =       {P.~J.~Bickel and Y.~Ritov and A.~B.~Tsybakov},
  TITLE =        "{Simultaneous analysis of Lasso and Dantzig selector}",
  JOURNAL =      {Amer. J. of Mathematics},
  YEAR =         {2009},
  volume =       {37},
  pages =        {1705-1732}
}

@ARTICLE{BuhlmannLASSO,
  AUTHOR =       {S.~A.~van de Geer and P.~B{\"u}hlmann},
  TITLE =        "{On the conditions used to prove oracle results for the Lasso}",
  JOURNAL =      {Electron. J. Statist.},
  YEAR =         {2009},
  volume =       {3},
  pages =        {1360-1392}
}

@INPROCEEDINGS{Indyk,
  AUTHOR =       {R.~Berinde and A.C.~Gilbert and P.~Indyk and H.~Karloff
and  M.J.~Strauss},
  TITLE =        "{Combining geometry and combinatorics: A unified approach to sparse signal recovery}",
  BOOKTITLE = "47th Annual Allerton Conference",
     MONTH = sep,
     ADDRESS = "Monticello, IL",
      YEAR = {2008},
     PAGES = {798 - 805}
}

@ARTICLE{CohenNonlinear,
  AUTHOR =       {A.~Cohen and R.~DeVore and P.~Petrushev and H.~Xu},
  TITLE =        "{Nonlinear Approximation and the Space 
{\rm BV}$({\mathbb R}^{2})$}",
  JOURNAL =      {Amer. J. of Mathematics},
  YEAR =         {1999},
  volume =       {121},
  pages =        {587-628 }
}


@ARTICLE{CSMRI,
  AUTHOR =       {M.~Lustig and D.L.~Donoho and J.M.~Santos and J.M.~Pauly},
  TITLE =        {Compressed Sensing MRI},
  JOURNAL =      {IEEE Signal Processing Magazine},
  YEAR =         {2008},
  volume =       {25},
  pages =        {72-82}
}

@ARTICLE{dlm90,
  AUTHOR =       {D.~L.~Donoho and R.~C.~Liu and K.~B.~MacGibbon},
  TITLE =        {Minimax risk over hyperrectangles, and implications},
  JOURNAL =      {Annals of Statistics},
  YEAR =         {1990},
  volume =       {18},
  pages =        {1416-1437}
}

@ARTICLE{Donoho1,
  AUTHOR =       {D.~L.~Donoho},
  TITLE =        {Compressed Sensing},
  JOURNAL =      {IEEE Trans. Inform. Theory},
  YEAR =         {2006},
  volume =       {52},
  pages =        {489-509},
  month =        {April}
}

@ARTICLE{CandesDonohoTight,
AUTHOR = "E.J. Cand{\`e}s and D.L.~Donoho",
TITLE = "{New tight frames of curvelets and optimal representations of objects with piecewise $C_2$ singularities}",
JOURNAL =  "Comm. Pure Appl. Math",
YEAR = "2004",
VOLUME = "57",
PAGES = "219-266"}

@ARTICLE{Telatar,
AUTHOR = "E. Telatar",
TITLE = "{Capacity of Multi-antenna Gaussian Channels}",
JOURNAL =  "European Transactions on Telecommunications",
YEAR = "1999",
VOLUME = "10",
PAGES = "585-595"}

@ARTICLE{LitvakEtAl,
AUTHOR = "A.~E.~Litvak and A.~Pajor and M.~Rudelson and N.~Tomczak-Jaegermann",
TITLE = "{Smallest singular value of random matrices and geometry of random polytopes}",
JOURNAL =  "Advances in Mathematics",
YEAR = "2005",
VOLUME = "195",
PAGES = "491-523"}

@ARTICLE{MarchenkoPastur,
AUTHOR = "V.~Marchenko and L.~Pastur",
TITLE = "{The eigenvalue distribution in some ensembles of random matrices}",
JOURNAL =  "Math. USSR",
YEAR = "1967"}

@BOOK{Meyer,
AUTHOR = "Y.~Meyer",
TITLE = "{Wavelets}",
PUBLISHER =  "Cambridge University Press",
CITY = "Cambridge",
YEAR = "1984"}

@BOOK{Hastie,
AUTHOR = "T.~Hastie and R.~Tibshirani and J.~Friedman",
TITLE = "{The elements of statistical learning}",
PUBLISHER =  "Springer",
CITY = "New York",
YEAR = "2009"}

@BOOK{BaiSilverstein,
AUTHOR = "Jack W. Silverstein and Zhidong Bai",
TITLE = "{Spectral Analysis of Large Dimensional Random Matrices ($2^{nd}$ edition)}",
PUBLISHER =  "Springer",
CITY = "New York",
year = 2010
}

@BOOK{Guionnet,
AUTHOR = "G.~W.~Anderson and A.~Guionnet and O.~Zeitouni",
TITLE = "{An introduction to random matrices}",
PUBLISHER =  "Cambridge University Press",
CITY = "Cambridge",
YEAR = "2009"}


@ARTICLE{NeirottiSaad,
     AUTHOR = "J.P.~Neirotti and D.~Saad",
     TITLE = "{Improved message passing for inference in densely connected systems}",
     JOURNAL = "Europhys. Lett.",
     PAGES = "866--872",
     VOLUME = 71,
     YEAR = "2005"}

@BOOK{TalagrandVolI,
AUTHOR = "M.~Talagrand",
TITLE = "Mean Field Models for Spin Glasses: Volume I",
PUBLISHER = "Springer-Verlag",
YEAR = "2010",
ADDRESS = "Berlin"
}

@ARTICLE{CandesStable,
     AUTHOR = "E.~Cand{\`e}s and J.~K.~Romberg and T.~Tao",
     TITLE = "{Stable signal recovery from incomplete and inaccurate measurements}",
     JOURNAL = "Communications on Pure and Applied Mathematics",
     PAGES = "1207-1223",
     VOLUME = "59",
     YEAR = "2006"}

@ARTICLE{CandesFourier,
     AUTHOR = "E.~Cand{\`e}s and J.~K.~Romberg and T.~Tao",
     TITLE = "{Robust uncertainty principles: Exact signal reconstruction from highly incomplete frequency information}",
     JOURNAL = "IEEE Trans. Inform. Theory",
     PAGES = "489 - 509",
     VOLUME = "52",
     YEAR = "2006"}

@UNPUBLISHED{KrzakalaEtAl,
     AUTHOR = "F.~Krzakala and M.~M\'ezard and F.~Sausset and Y.~Sun and L.~Zdeborova",
     TITLE = "{Statistical physics-based reconstruction in compressed sensing}",
     NOTE = {{\sf arXiv:1109.4424}},
     YEAR = "2011"}

@ARTICLE{CandesTao,
     AUTHOR = "E.~J.~Cand\'es and T.~Tao",
     TITLE = "{Decoding by linear programming}",
     JOURNAL = "IEEE Trans. Inform. Theory",
     VOLUME = "51",
     PAGES = "4203-4215",
     YEAR = "2005"}

@ARTICLE{Dantzig,
     AUTHOR = "E.~Cand\'es and T.~Tao",
     TITLE = "{The Dantzig selector: statistical estimation when p is much larger than n}",
     JOURNAL = "Annals of Statistics",
     PAGES = "2313-2351",
     VOLUME = "35",
     YEAR = "2007"}

@article {DJ94a,
    AUTHOR = {D. L. Donoho and I. M. Johnstone},
     TITLE = {Minimax Risk over $l_p$  balls},
   JOURNAL = {Prob. Th. and Rel. Fields},
  FJOURNAL = {},
    VOLUME = {99},
      YEAR = {1994},
     PAGES = {277-303},
}

@article {DJ98,
    AUTHOR = {D. L. Donoho and I. M. Johnstone},
     TITLE = {Minimax estimation via wavelet shrinkage},
   JOURNAL = {Annals of Statistics},
    VOLUME = {26},
      YEAR = {1998},
     PAGES = {879-921}
}

@ARTICLE{GarnaevGluskin,
    AUTHOR = {A.Y. Garnaev and E.D. Gluskin},
     TITLE = {On widths of the Euclidean Ball},
   JOURNAL = {Soviet Mathematics Doklady},
    VOLUME = {30},
     PAGES = {200-203},
      YEAR = {1984}
}

@ARTICLE{Kashin1977,
     AUTHOR = "B.~Kashin",
     TITLE = "{Diameters of Some Finite-Dimensional Sets and Classes of Smooth Functions}",
     JOURNAL = "Math. USSR Izv.",
     PAGES = "317--333",
     VOLUME = "11",
     YEAR = "1977"}

@ARTICLE{VerduShamaiCDMA,
     AUTHOR = "S.~Verdu and S.~Shamai",
     TITLE = "{Spectral efficiency of CDMA with random spreading}",
     JOURNAL = "IEEE Trans. Inform.~Theory",
     PAGES = "622--640",
     VOLUME = 45,
     YEAR = "1999"}


@ARTICLE{GluskinMilman2003,
     AUTHOR = "E.~Gluskin and V.~Milman",
     TITLE = "{Note on the Geometric-Arithmetic Mean Inequality}",
     JOURNAL = "Geometric Aspects of Functiona Analysis",
     PAGES = "131--135",
     VOLUME = "1807",
     PUBLISHER = "Springer",
     YEAR = "2003"}

@article{peng2010regularized,
  title={Regularized multivariate regression for identifying master predictors with application to integrative genomics study of breast cancer},
  author={Peng, Jie and Zhu, Ji and Bergamaschi, Anna and Han, Wonshik and Noh, Dong-Young and Pollack, Jonathan R and Wang, Pei},
  journal={The Annals of Applied Statistics},
  volume={4},
  number={1},
  pages={53--77},
  year={2010},
  publisher={Institute of Mathematical Statistics}
}

@article{shevade2003simple,
  title={A simple and efficient algorithm for gene selection using sparse logistic regression},
  author={Shevade, Shirish Krishnaj and Keerthi, S. Sathiya},
  journal={Bioinformatics},
  volume={19},
  number={17},
  pages={2246--2253},
  year={2003},
  publisher={Oxford Univ Press}
}

@ARTICLE{TseHanly,
     AUTHOR = "D.~N.C.~Tse and S.~V.~Hanly",
     TITLE = "{Linear multiuser receivers: effective interference, effective bandwidth and user capacity}",
     JOURNAL = "IEEE Trans. Inform.~Theory",
     PAGES = "641--657",
     VOLUME = 45,
     YEAR = "1999"}

@ARTICLE{BaiYin,
     AUTHOR = "Z. D. Bai and Y. Q. Yin",
     TITLE = "{Limit of the Smallest Eigenvalue of a Large Dimensional Sample Covariance Matrix}",
     JOURNAL = "The Annals of Probability",
     PAGES = "1275--1294",
     VOLUME = 21,
     YEAR = "1993"}

@ARTICLE{BollobasCycle,
    AUTHOR = "Bela Bollobas", 
    TITLE = "A probabilistic proof of an asymptotic formula for the number of labelled regular graphs", 
    JOURNAL = "European Journal of Combinatorics", 
    VOLUME = 1,
    YEAR = "1980", 
    PAGES = "311–316"}

@article{wormald1981asymptotic,
  title={The asymptotic distribution of short cycles in random regular graphs},
  author={Wormald, Nicholas C},
  journal={Journal of Combinatorial Theory, Series B},
  volume={31},
  number={2},
  pages={168--182},
  year={1981},
  publisher={Elsevier}
}

@ARTICLE{DoTa05,
  AUTHOR =       {D. L. Donoho and J. Tanner},
  TITLE =        {Neighborliness of randomly-projected simplices in high dimensions},
  JOURNAL =      {Proceedings of the National Academy of Sciences},
  YEAR =         {2005},
  volume =       {102},
  number =       {27},
  pages =        {9452-9457}
}

@ARTICLE{DoTa08,
  AUTHOR =       {D. L. Donoho and J. Tanner},
  TITLE =        {Counting faces of randomly projected polytopes when the projection radically lowers dimension},
  JOURNAL =      {Journal of American Mathematical Society},
  YEAR =         {2009},
  volume =       {22},
  pages =        {1-53}
}

@ARTICLE{DonohoIterative,
  author = {D.~Donoho},
  title = "{For most large underdetermined systems of equations, the minimal $\ell_1$-norm near-solution approximates the sparsest near-solution}",
  journal = {Communications on Pure and Applied Mathematics},
  pubisher = {Wiley},
  year = {2006},
  volume = {59},
  issue ={7},
  pages = {907-934}
  }

@ARTICLE{SLLN1,
  author = {T.~C.~Hu and  F.~Moricz and R.~L.~Taylor},
  title = {Strong laws of large numbers for arrays of rowwise independent random variables},
  journal = {Acta Math. Hung.},
  year = {1989},
  volume = {54},
  pages = {153-162}
  }

@ARTICLE{SLLN2,
  author = {T.~C.~Hu and R.~L.~Taylor},
  title = {Strong law for arrays and for the bootstrap mean and variance},
  journal = {Internat. J. Math. and Math. Sci.},
  year = {1997},
  volume = {20},
  pages = {375-383}
  }

@ARTICLE{DMM09,
  author = {David ~L.~Donoho and  Arian Maleki and Andrea Montanari},
  title = "{Message Passing Algorithms for Compressed Sensing}",
  journal = {Proceedings of the National Academy of Sciences},
  year = {2009},
  volume = {106},
  pages = {18914-18919}
  }

@ARTICLE{BM-MPCS-2011,
  author = {Mohsen~Bayati and Andrea~Montanari},
  title = "{The dynamics of message passing on dense graphs, with applications to compressed sensing}",
  journal = {IEEE Trans. Inform. Theory},
  VOLUME = "57",
  PAGES = "764-785",
  YEAR = "2011"
  }


@UNPUBLISHED{BM-Universality,
  author = {M.~Bayati and M.~Lelarge and A.~Montanari},
  title = "{Universality in message passing algorithms}",
  note = {{\sf arXiv:1207.7321}},
  YEAR = "2012"
  }

@ARTICLE{BayatiMontanariLASSO,
  author = {Mohsen Bayati and Andrea Montanari},
  title = "{The LASSO risk for Gaussian matrices}",
  journal = {IEEE Trans. Inform. Theory},
  VOLUME = "58",
  NUMBER = "4",
  PAGES = "1997--2017",
  year = {2012},
  MONTH = "Apr."
  }

@inproceedings{OurUnpub,
  author = {M.~Bayati and  J~.Bento and A.~Montanari},
  title = "{The LASSO risk: asymptotic results and real world examples}",
  booktitle = {NIPS},
  pages = {145-153},
  year = {2010}
  }

@UNPUBLISHED{DonohoJohnstoneMontanari,
  author = {D.~Donoho and I.~Johnstone and A.~Montanari},
  title = "{Accurate Prediction of Phase Transitions in Compressed Sensing via a Connection to Minimax Denoising}",
  year = {2011},
  note = {{\sf arXiv:1111.1041}}
  }

@INPROCEEDINGS{KudekarBMS,
  title = "{Threshold Saturation on BMS Channels via Spatial Coupling}",
  author = {S.~Kudekar and C.~Measson and T.~Richardson and R.~Urbanke},
  booktitle = {Proceedings of the International Symposium on Turbo Codes and Iterative Information Processing},
  year = {2010},
  address = {Brest}
  }

@INPROCEEDINGS{HassaniEtAl,
  author = {S.H.~Hassani and N.~Macris and R.~Urbanke},
  title = "{Coupled graphical models and their thresholds}",
  booktitle = {Proceedings of IEEE Inform. Theory Workshop},
  year = {2010},
  address = {Dublin}
  }

@INPROCEEDINGS{OurNIPS,
  author = {M.~Bayati and  J~.Bento and A.~Montanari},
  title = "{The LASSO risk: asymptotic results and real world examples}",
  booktitle = {Neural Information Processing Systems (NIPS)},
  year = {2010},
  address = {Vancouver}
  }

@INPROCEEDINGS{DMM_ITW_I,
  author = {D.~L.~Donoho and  A.~Maleki and A.~Montanari},
  title = "{Message Passing Algorithms for Compressed Sensing: I. Motivation and Construction}",
  booktitle = {Proceedings of IEEE Inform. Theory Workshop},
  year = {2010},
  address = {Cairo}
  }

@BOOK{RiU08,
  title = "{Modern Coding Theory}",
  publisher = {Cambridge University Press},
  year = {2008},
  author = {T.J.~Richardson and R.~Urbanke},
  address = {Cambridge}
}

@article{d2007direct,
  title={A direct formulation for sparse PCA using semidefinite programming},
  author={d'Aspremont, Alexandre and El Ghaoui, Laurent and Jordan, Michael I and Lanckriet, Gert RG},
  journal={SIAM review},
  volume={49},
  number={3},
  pages={434--448},
  year={2007},
  publisher={SIAM}
}

@article{d2008optimal,
  title={Optimal solutions for sparse principal component analysis},
  author={d'Aspremont, Alexandre and Bach, Francis and Ghaoui, Laurent El},
  journal={The Journal of Machine Learning Research},
  volume={9},
  pages={1269--1294},
  year={2008},
  publisher={JMLR. org}
}

@BOOK{Led96,
  title = "{Isoperimetry and Gaussian analysis}",
  publisher = {Springer},
  year = {1996},
  author = {M.~Ledoux},
  volume = {1648},
  address = {Providence}
}

@BOOK{Traub80,
  title = "{A General Theory of Optimal Algorithms}",
  publisher = {Academic Press},
  year = {1980},
  author = {J.~F.~Traub and H.~Wozniakowski},
  address = {New York}
}

@inproceedings{mossel2014belief,
  title={Belief propagation, robust reconstruction and optimal recovery of block models},
  author={Mossel, Elchanan and Neeman, Joe and Sly, Allan},
  booktitle={Conference on Learning Theory (COLT)},
  pages={356--370},
  year={2014},
  month = {June},
  address ={Barcelona, Spain}
}

@inproceedings{mossel2016density,
  title={Density evolution in the degree-correlated stochastic block model},
  author={Mossel, Elchanan and Xu, Jiaming},
  booktitle={Conference on Learning Theory (COLT)},
  pages={1319--1356},
  year={2016},
    month = {June},
  address ={New York, NY}
}

@ARTICLE{Kab03,
  author = {Y.~Kabashima},
  title = "{A CDMA multiuser detection algorithm on the basis of belief propagation}",
  journal = {J.~Phys. A},
  year = {2003},
  volume = {36},
  pages = {11111-11121}
  }

@article{montanari2016non,
  title={Non-negative principal component analysis: Message passing algorithms and sharp asymptotics},
  author={Montanari, Andrea and Richard, Emile},
  journal={IEEE Trans. Inform. Theory},
  volume={62},
  number={3},
  pages={1458--1484},
  year={2016},
  publisher={IEEE}
}

@ARTICLE{KudekarBEC,
  author = {S.~Kudekar and T.~Richardson and R.~Urbanke},
  title = "{Threshold Saturation via Spatial Coupling: Why Convolutional LDPC Ensembles Perform So Well over the BEC}",
  journal = {IEEE Trans. Inform. Theory},
  year = {2011},
  volume = {57},
  pages = {803-834}
  }

@INPROCEEDINGS{Ste72,
  author = {C.~Stein},
  title = "{A bound for the error in the normal approximation to the distribution of a sum of dependent random variables}",
  booktitle = {Proceedings of the Sixth Berkeley Symposium on Mathematical Statistics and Probability},
  year = {1972},
  }


@INPROCEEDINGS{MoT06,
  author = {A.~Montanari and D.~Tse},
  title = "{Analysis of belief propagation for non-linear problems:
       the example of CDMA (or: how to prove Tanaka's formula)}",
  booktitle = {Proceedings of IEEE Inform. Theory Workshop},
  year = {2006},
  address = {Punta de l'Este, Uruguay}
  }

@inproceedings{JohnstoneICM,
  author = {I.~ Johnstone},
  title = "{High Dimensional Statistical Inference and Random Matrices}",
  booktitle = {Proc. International Congress of Mathematicians},
  year ={2006},
  address = {Madrid}
  }

@ARTICLE{MontanariSparse,
    AUTHOR = "A.~Montanari",
    TITLE  = "{Estimating random variables from random sparse observations}",
    JOURNAL = "Eur. Trans. Telecom.",
    YEAR = "2008",
    VOLUME = "19",
    PAGES = "385-403"}

@ARTICLE{BaronBayesian,
    AUTHOR = "D.~Baron and S.~Sarvotham and R.~Baraniuk",
    TITLE  = "{Bayesian Compressive Sensing Via Belief Propagation}",
    JOURNAL = "IEEE Trans. Signal Proc.",
    YEAR = "2019",
    VOLUME = "58",
    PAGES = "269-280"
}

@UNPUBLISHED{MalekiComplex,
    AUTHOR = "A.~Maleki and L.~Anitori  and A.~Yang and  R.~Baraniuk",
    TITLE  = "{Asymptotic Analysis of Complex LASSO via Complex Approximate Message Passing (CAMP)}",
    YEAR = "2011",
    NOTE ="{\sf arXiv:1108.0477}"
}

@UNPUBLISHED{Kakade,
    AUTHOR = "D.~Hsu and S.~M.~Kakade and T.~Zhang",
    TITLE  = "{An Analysis of Random Design Regression}",
    note = {{\sf arXiv:1106.2363}},
    YEAR = "2011"
}


@UNPUBLISHED{WuVerduNoisy,
    AUTHOR = "Y.~Wu and S.~Verd{\'u}",
    TITLE  = "{Optimal Phase Transitions in Compressed Sensing}",
    note= {{\sf arXiv:1111.6822}},
    YEAR = "2011"
}

@ARTICLE{WuVerdu,
    AUTHOR = "Y.~Wu and S.~Verd{\'u}",
    TITLE  = "{R\'enyi Information Dimension: Fundamental Limits of Almost Lossless Analog Compression}",
    JOURNAL = "IEEE Trans. Inform. Theory",
    YEAR = "2010",
    VOLUME = "56",
    PAGES = "3721-3748"
}

@ARTICLE{WuVerduMMSE,
    AUTHOR = "Y.~Wu and S.~Verd{\'u}",
    TITLE  = "{MMSE dimension}",
    JOURNAL = "IEEE Trans. Inform. Theory",
    YEAR = "2011",
    VOLUME = "57",
    NUMBER = "8",
    PAGES = "4857-4879"
}

@ARTICLE{Renyi,
    AUTHOR = "A.~R{\'e}nyi",
    TITLE  = "{On the dimension and entropy of probability distributions}",
    JOURNAL = "Acta Mathematica Hungarica",
    YEAR = "1959",
    VOLUME = "10",
    PAGES = "193-215"
}

@ARTICLE{DMM-NSPT-11,
    AUTHOR = "David L. Donoho and Arian Maleki and Andrea Montanari",
    TITLE  = "The Noise-Sensitivity Phase Transition in Compressed Sensing",
    JOURNAL = "IEEE Trans. Inform. Theory",
    YEAR = "2011",
    MONTH = "Oct.",
    VOLUME = "57",
    NUMBER = "10",
    PAGES = "6920-6941"
}

@INPROCEEDINGS{RanganFletcherGoyal,
     AUTHOR = "S.~Rangan and A.~K.~Fletcher and V.~K.~Goyal",
     TITLE = "{Asymptotic Analysis of MAP Estimation via the Replica Method and Applications to Compressed Sensing}",
     YEAR = "2009",
     BOOKTITLE = "{NIPS}",
     address = {Vancouver}
}

@inproceedings{rangan2012iterative,
  title={Iterative estimation of constrained rank-one matrices in noise},
  author={Rangan, Sundeep and Fletcher, Alyson K},
  booktitle={Information Theory Proceedings (ISIT), 2012 IEEE International Symposium on},
  pages={1246--1250},
  year={2012},
  organization={IEEE}
}

@ARTICLE{KabashimaTanaka,
   AUTHOR = "Y.~Kabashima and T.~Wadayama and T.~Tanaka",
    TITLE = "{A typical reconstruction limit for compressed sensing based on $L_p$-norm minimization}",
  JOURNAL = "J.Stat. Mech.",
     YEAR = "2009",
    PAGES = "L09003"
}

@INPROCEEDINGS{BaronGuoShamai,
   AUTHOR = "D.~Guo and D.~Baron and S.~Shamai",
    TITLE = "{A Single-letter Characterization of Optimal Noisy Compressed Sensing}",
     BOOKTITLE = "47th Annual Allerton Conference",
     MONTH = sep,
     ADDRESS = "Monticello, IL",
     YEAR = "2009"}

@inproceedings{guo2006asymptotic,
  title={Asymptotic mean-square optimality of belief propagation for sparse linear systems},
  author={Guo, Dongning and Wang, Chih-Chun},
  booktitle={Information Theory Workshop, 2006. ITW'06 Chengdu. IEEE},
  pages={194--198},
  year={2006},
  organization={IEEE}
}

@inproceedings{montanari2006analysis,
  title={Analysis of belief propagation for non-linear problems: The example of CDMA (or: How to prove Tanaka's formula)},
  author={Montanari, Andrea and Tse, David},
  booktitle={Information Theory Workshop, 2006. ITW'06 Punta del Este. IEEE},
  pages={160--164},
  year={2006},
  organization={IEEE}
}

@ARTICLE{Tibs96,
  AUTHOR  =      {R. Tibshirani},
  TITLE   =   "{Regression shrinkage and selection with the Lasso}",
  JOURNAL =      {J. Royal. Statist. Soc B},
  VOLUME  =      {58},
  PAGES   =      {267-288},
  YEAR    =      {1996}
 }


@INPROCEEDINGS{BP95,
  AUTHOR  =      {S.S.  Chen and D.L. Donoho},
  TITLE   =      "{Examples of basis pursuit}",
  BOOKTITLE =      {Proceedings of Wavelet Applications in Signal and Image Processing III},
  YEAR =         {1995},
  ADDRESS =      {San Diego, CA}
}

@article{zhao,
  title="{On model selection consistency of Lasso}",
  author={P. Zhao and B. Yu},
  journal={The Journal of Machine Learning Research},
  volume={7},
  pages={2541--2563},
  year={2006},
  publisher={MIT Press}
}

@article{wainwright2008graphical,
  title={Graphical models, exponential families, and variational inference},
  author={Wainwright, Martin J and Jordan, Michael I},
  journal={Foundations and Trends in Machine Learning},
  volume={1},
  number={1-2},
  pages={1--305},
  year={2008},
  publisher={Now Publishers Inc.}
}

@BOOK{MezardMontanari,
    AUTHOR = "Marc M{\'e}zard and Andrea Montanari",
    TITLE = "{Information, Physics and Computation}",
    PUBLISHER = "Oxford",
    year = 2009
}

@misc{CVX,
  author       = {M. Grant and S. Boyd},
  title        = {{CVX}: Matlab Software for Disciplined Convex Programming, version 1.21},
  howpublished = {\url{http://cvxr.com/cvx}},
  month        = May,
  year         = 2010
}

@inproceedings{OWLQN,
author={G.~Andrew and G.~Jianfeng},
title = {Scalable training of $L^1$-regularized log-linear models},
booktitle={Proceedings of the 24th international conference on Machine learning},
pages={33-40},
year = {2007}
}

 
@incollection{grantboyd08,
  author    = {M. Grant and S. Boyd},
  title     = {Graph implementations for nonsmooth convex programs},
  booktitle = {Recent Advances in Learning and Control},
  series    = {Lecture Notes in Control and Information Sciences},
  editor    = {V. Blondel and S. Boyd and H. Kimura},
  publisher = {Springer-Verlag Limited},
  pages     = {95--110},
  year      = 2008,
  note      = {\url{http://stanford.edu/~boyd/graph_dcp.html}}
}

@incollection{MontanariChapter,
  author    = {A.~Montanari},
  title     = "{Graphical Models Concepts in Compressed Sensing}",
  booktitle = {Compressed Sensing: Theory and Applications},
  editor    = {Y.C.~Eldar and G.~Kutyniok},
  publisher = {Cambridge University Press},
  year      = 2012
}

@article{TroppMMVi,
  author    = {Joel A. Tropp and
               Anna C. Gilbert and
               Martin J. Strauss},
  title     = {Algorithms for simultaneous sparse approximation. Part I:
               Greedy pursuit},
  journal   = {Signal Processing},
  volume    = {86},
  number    = {3},
  year      = {2006},
  pages     = {572-588},
  ee        = {http://dx.doi.org/10.1016/j.sigpro.2005.05.030},
  bibsource = {DBLP, http://dblp.uni-trier.de}
}

@article{TroppMMVII,
  author    = {J.~A.~Tropp},
  title     = {Algorithms for simultaneous sparse approximation. Part II:
               Convex relaxation},
  journal   = {Signal Processing},
  volume    = {86},
  number    = {3},
  year      = {2006},
  pages     = {589-602},
  ee        = {http://dx.doi.org/10.1016/j.sigpro.2005.05.031},
  bibsource = {DBLP, http://dblp.uni-trier.de}
}


@article{GroupLasso,
author={J.~Friedman and T.~Hastie and R.~Tibshirani},
title={A note on the group lasso and a sparse group lasso},
ohnote ={\sf arXiv:1001.0736}
}

@article{LiuMixedOpt,
  author    = {J.~Liu and
               J.~Ye},
  title     = {Efficient L1/Lq Norm Regularization},
  journal   = {CoRR},
  volume    = {abs/1009.4766},
  year      = {2010},
  ee        = {http://arxiv.org/abs/1009.4766},
  bibsource = {DBLP, http://dblp.uni-trier.de}
}


@article{Malioutov,
  author    = {D. M.~Malioutov and
               M.~\c{C}etin and
               A.S.~Willsky},
  title     = {A sparse signal reconstruction perspective for source localization
               with sensor arrays},
  journal   = {IEEE Transactions on Signal Processing},
  volume    = {53},
  number    = {8-2},
  year      = {2005},
  pages     = {3010-3022},
  ee        = {http://dx.doi.org/10.1109/TSP.2005.850882},
  bibsource = {DBLP, http://dblp.uni-trier.de}
}

@article{Zhang,
author={J.~Huang and T.~Zhang},
title={The Benefit of Group Sparsity},
journal={Annals of Statistics},
year={2010},
volume={38},
pages={1978-2004}
}

@article{YuanLin,
author={M. Yuan and Y. Lin},
title={Model selection and estimation in regression with grouped variables},
journal={Journal of the Royal Statistical Society B},
year={2010},
volume={68},
pages={49-67}
}

@article{Wainwright2010Gaussian,
    author={G.~Raskutti and M.J.~Wainwright and B.~Yu},
    title={Restricted Eigenvalue Properties for Correlated Gaussian Designs},
    journal={Journal of Machine Learning Research},
    year = {2010}, 
    volume = {11}, 
    pages = {2241--2259}
}

@article{Wainwright2009,
    author={M.J.~Wainwright},
    title={Information-theoretic limits on sparsity recovery in the high-dimensional and noisy setting},
    journal={IEEE Trans. Inform. Theory},
    year = {2009}, 
    volume = {55}, 
    pages = {5728--5741}
}


@article{Wainwright2009LASSO,
author={M.J.~Wainwright},
title={Sharp Thresholds for High-Dimensional and Noisy Sparsity Recovery Using   $\ell_1$-Constrained Quadratic Programming},
journal={IEEE Trans. Inform. Theory},
year={2009},
volume={55},
pages={2183-2202}
}



@article{MeinshausenBuhlmannStability,
author={N.~Meinshausen and P.~B{\"u}hlmann},
title={Stability Selection},
journal={J. R. Statist. Soc. B},
year={2010},
volume={72},
pages={417-473}
}

@article{MeinshausenBuhlmann,
author={N.~Meinshausen and P.~B{\"u}hlmann},
title={High-dimensional graphs and variable selection with the Lasso},
journal={Ann.~Statist.},
year={2006},
volume={34},
pages={1436-1462}
}

@article{GreenshteinRitov,
author={E.~Greenshtein and Y. Ritov},
title={Persistence in high-dimensional predictor selection and the virtue of over-parametrization},
journal={Bernoulli},
year={2004},
volume={10},
pages={971-988}
}




@inproceedings{DBLP:conf/icassp/ChartrandY08,
  author    = {R.~Chartrand and
               W.~Yin},
  title     = {Iteratively reweighted algorithms for compressive sensing},
  booktitle = {ICASSP},
  year      = {2008},
  pages     = {3869-3872},
  ee        = {http://dx.doi.org/10.1109/ICASSP.2008.4518498},
  crossref  = {DBLP:conf/icassp/2008},
  bibsource = {DBLP, http://dblp.uni-trier.de}
}

@proceedings{DBLP:conf/icassp/2008,
  title     = {Proceedings of the IEEE International Conference on Acoustics,
               Speech, and Signal Processing, ICASSP 2008, March 30 - April
               4, 2008, Caesars Palace, Las Vegas, Nevada, USA},
  booktitle = {ICASSP},
  publisher = {IEEE},
  year      = {2008},
  isbn      = {1-4244-1484-9},
  bibsource = {DBLP, http://dblp.uni-trier.de}
}

@inproceedings{DBLP:conf/icassp/SaabCY08,
  author    = {R.~Saab and
               R.~Chartrand and
               {\"O}.~Yilmaz},
  title     = {Stable sparse approximations via nonconvex optimization},
  booktitle = {ICASSP},
  year      = {2008},
  pages     = {3885-3888},
  ee        = {http://dx.doi.org/10.1109/ICASSP.2008.4518502},
  crossref  = {DBLP:conf/icassp/2008},
  bibsource = {DBLP, http://dblp.uni-trier.de}
}


@inproceedings{DBLP:conf/isbi/Chartrand09,
  author    = {R.~Chartrand},
  title     = {Fast Algorithms for Nonconvex Compressive Sensing: MRI Reconstruction
               from Very Few Data},
  booktitle = {ISBI},
  year      = {2009},
  pages     = {262-265},
  ee        = {http://dx.doi.org/10.1109/ISBI.2009.5193034},
  crossref  = {DBLP:conf/isbi/2009},
  bibsource = {DBLP, http://dblp.uni-trier.de}
}
@proceedings{DBLP:conf/isbi/2009,
  title     = {Proceedings of the 2009 IEEE International Symposium on
               Biomedical Imaging: From Nano to Macro, Boston, MA, USA,
               June 28 - July 1, 2009},
  booktitle = {ISBI},
  publisher = {IEEE},
  year      = {2009},
  bibsource = {DBLP, http://dblp.uni-trier.de}
}

@article{FriedlanderMMV,
  author    = {E.~van den Berg and
               M.~P. Friedlander},
  title     = {Theoretical and empirical results for recovery from multiple
               measurements},
  journal   = {IEEE Transactions on Information Theory},
  volume    = {56},
  number    = {5},
  year      = {2010},
  pages     = {2516-2527},
  ee        = {http://dx.doi.org/10.1109/TIT.2010.2043876},
  bibsource = {DBLP, http://dblp.uni-trier.de}
}

@article{DBLP:journals/corr/abs-0904-2051,
  author    = {E.~van den Berg and
               M.~P. Friedlander},
  title     = {Joint-sparse recovery from multiple measurements},
  journal   = {CoRR},
  volume    = {abs/0904.2051},
  year      = {2009},
  ee        = {http://arxiv.org/abs/0904.2051},
  bibsource = {DBLP, http://dblp.uni-trier.de}
}


@article{HuoMMV,
author = {J. Chen and X. Huo}, 
title ={Theoretical results on sparse representations of multiple-measurement vectors}, 
journal ={IEEE Trans. Signal Process.},
volume ={ 54},
year = {2006},
pages ={ 4634Ð4643}
}

@article{RaoMMV,
author={F. Cotter, B.D. Rao, K. Engang and K. Kreutz-Delgado},
title={Sparse solutions to linear inverse problems with multiple measurement vectors},
journal={IEEE Trans. Signal Process.},
year={2005},
pages={2477Ð2488}
}

@article{knowles2011isotropic,
  title={The isotropic semicircle law and deformation of Wigner matrices},
  author={Knowles, Antti and Yin, Jun},
  journal={arXiv preprint arXiv:1110.6449},
  year={2011}
}

@article{TroppMMV1,
author ={J.A. Tropp, A.C. Gilbert and M.J. Strauss},
title={ Algorithms for simultaneous sparse approximation: Part I: Greedy pursuit},
journal={Signal Process.},
volume={86},
year={2006},
pages={572-588}
}

@article{TroppMMV2,
   author ={J.A.~Tropp},
   title ={Algorithms for simultaneous sparse approximation: Part II: Convex relaxation}, 
    journal={Signal Process.},
    volume={86},
    year ={ 2006}, 
    page={ 589Ð602} 
}

@article{deshpande2015improved,
  title={Improved sum-of-squares lower bounds for hidden clique and hidden submatrix problems},
  author={Deshpande, Yash and Montanari, Andrea},
  journal={{\sf arXiv:1502.06590}},
  year={2015}
}

@article{meka2015sum,
  title={Sum-of-squares lower bounds for planted clique},
  author={Meka, Raghu and Potechin, Aaron and Wigderson, Avi},
  journal={{\sf arXiv:1503.06447}},
  year={2015}
}

@article{raghavendra2015tight,
  title={Tight Lower Bounds for Planted Clique in the Degree-4 SOS Program},
  author={Raghavendra, Prasad and Schramm, Tselil},
  journal={{\sf arXiv:1507.05136}},
  year={2015}
}

@article{hopkins2015sos,
  title={SoS and Planted Clique: Tight Analysis of MPW Moments at all Degrees and an Optimal Lower Bound at Degree Four},
  author={Hopkins, Samuel B and Kothari, Pravesh K and Potechin, Aaron},
  journal={{\sf arXiv:1507.05230}},
  year={2015}
}

@article{jerrum1992large,
  title={Large cliques elude the Metropolis process},
  author={Jerrum, Mark},
  journal={Random Structures \& Algorithms},
  volume={3},
  number={4},
  pages={347--359},
  year={1992},
  publisher={Wiley Online Library}
}
@unpublished{StojnicMMV09,
  author    = {M.~Stojnic},
  title     = {Block-length dependent thresholds in block-sparse compressed
               sensing},
  note   = {{\sf arXiv:0907.3679}},
  year      = {2009}
}

@article{ames2011nuclear,
  title={Nuclear norm minimization for the planted clique and biclique problems},
  author={Ames, Brendan PW and Vavasis, Stephen A},
  journal={Mathematical programming},
  volume={129},
  number={1},
  pages={69--89},
  year={2011},
  publisher={Springer}
}

@ARTICLE{TVSurvey,
    author = {C. R. Vogel and M. E. Oman},
    title = {Iterative Methods For Total Variation Denoising},
    journal = {SIAM J. Sci. Comput},
    year = {1996},
    volume = {17},
    pages = {227--238}
}


@inproceedings{StojnicMMV10,
  author    = {M.~Stojnic},
  title     = {Block-length dependent thresholds for {\it }2/{\it }1-optimization
               in block-sparse compressed sensing},
  booktitle = {ICASSP},
  year      = {2010},
  pages     = {3918-3921},
  ee        = {http://dx.doi.org/10.1109/ICASSP.2010.5495797},
  crossref  = {DBLP:conf/icassp/2010},
  bibsource = {DBLP, http://dblp.uni-trier.de}
}

@inproceedings{IndykAdaptive,
  author    = {P.~Indyk and E.~Price and D.P.~Woodruff},
  title     = "{On the Power of Adaptivity in Sparse Recovery}",
  booktitle = {IEEE  Symposium on the Foundations of Computer Science, FOCS},
  year      = {2011},
  location   = {Palm Springs, California},
  month      = {October}
}

@proceedings{DBLP:conf/icassp/2010,
  title     = {Proceedings of the IEEE International Conference on Acoustics,
               Speech, and Signal Processing, ICASSP 2010, 14-19 March
               2010, Sheraton Dallas Hotel, Dallas, Texas, USA},
  booktitle = {ICASSP},
  publisher = {IEEE},
  year      = {2010},
  isbn      = {978-1-4244-4296-6},
  bibsource = {DBLP, http://dblp.uni-trier.de}
}

@article{WipfRaoMMV,
  author    = {D.P.~Wipf and
               B.D.~Rao},
  title     = {An Empirical Bayesian Strategy for Solving the Simultaneous
               Sparse Approximation Problem},
  journal   = {IEEE Transactions on Signal Processing},
  volume    = {55},
  number    = {7-2},
  year      = {2007},
  pages     = {3704-3716},
  ee        = {http://doi.ieeecomputersociety.org/10.1109/TSP.2007.894265},
  bibsource = {DBLP, http://dblp.uni-trier.de}
}

@article{RaoMMV,
  author    = {S. F. Cotter and
               Bhaskar D. Rao and
               Kjersti Engan and
               Kenneth Kreutz-Delgado},
  title     = {Sparse solutions to linear inverse problems with multiple
               measurement vectors},
  journal   = {IEEE Transactions on Signal Processing},
  volume    = {53},
  number    = {7},
  year      = {2005},
  pages     = {2477-2488},
  ee        = {http://dx.doi.org/10.1109/TSP.2005.849172},
  bibsource = {DBLP, http://dblp.uni-trier.de}
}


@INPROCEEDINGS{CandesReview,
  author = {E.~Cand{\`e}s},
  title = {Compressive sampling},
  booktitle = {Proceedings of the International Congress of Mathematicians},
  address = {Madrid, Spain},
  year = {2006}
  }
@UNPUBLISHED{CandesPlanRIPless,
  author = {E.~Cand{\'e}s and Y.~Plan},
  title = "{A probabilistic and RIPless theory of compressed sensing}",
  year = {2010},
  note = {{\sf arXiv:1011.3854}}
  }
@article{sun2008size,
  title={On the size and recovery of submatrices of ones in a random binary matrix},
  author={Sun, Xing and Nobel, Andrew B},
  journal={J. Mach. Learn. Res},
  volume={9},
  pages={2431--2453},
  year={2008}
}

@article{shabalin2009finding,
  title={Finding large average submatrices in high dimensional data},
  author={Shabalin, Andrey A and Weigman, Victor J and Perou, Charles M and Nobel, Andrew B},
  journal={The Annals of Applied Statistics},
  pages={985--1012},
  year={2009},
  publisher={JSTOR}
}
@INPROCEEDINGS{WainwrightEllP,
   AUTHOR = "G.~Raskutti and M.~J.~Wainwright and B.~Yu",
    TITLE = "{Minimax rates of estimation for high-dimensional linear regression over $\ell_q$-balls}",
     BOOKTITLE = "47th Annual Allerton Conf.",
     MONTH = sep,
     ADDRESS = "Monticello, IL",
     YEAR = "2009"}

@INPROCEEDINGS{RanganGAMP,
   AUTHOR = "Sundeep Rangan",
    TITLE = "{Generalized Approximate Message Passing for Estimation with Random Linear Mixing}",
     BOOKTITLE = "Proc. of the IEEE Int. Symposium on Inform. Theory (ISIT)",
     MONTH = "Aug.",
     ADDRESS = "St. Petersburg",
     pages = {2168--2172},
     YEAR = "2011"}

@article{feige2010finding,
  title={Finding hidden cliques in linear time},
  author={Feige, Uriel and Ron, Dorit},
  journal={DMTCS Proceedings},
  number={01},
  pages={189--204},
  year={2010}
}

@INPROCEEDINGS{dekel2011finding,
   AUTHOR = "Y.~Dekel, O.~Gurel-Gurevich and Y.~Peres",
    TITLE = "{Finding Hidden Cliques in Linear Time with High Probability}",
     BOOKTITLE = "Workshop on Analytic Algorithmics and Combinatorics",
     MONTH = jan,
     ADDRESS = "San Francisco",
     YEAR = "2011"}

@INPROCEEDINGS{Lentmaier,
   AUTHOR = "M.~Lentmaier and G.~P.~Fettweis",
    TITLE = "{On the thresholds of generalized LDPC convolutional codes based on protographs}",
     BOOKTITLE = "IEEE Intl. Symp. on Inform. Theory",
     MONTH = aug,
     ADDRESS = "Austin, Texas",
     YEAR = "2010"}

@UNPUBLISHED{RanganQuantized,
     AUTHOR = "U.S.~Kamilov and V.K.~Goyal and S.~Rangan",
     TITLE = "{Message-Passing Estimation from Quantized Samples}",
     YEAR = "2011",
     NOTE = {{\sf arXiv:1105.6368}}
}

@UNPUBLISHED{SchniterOFDM,
     AUTHOR = "P.~Schniter",
     TITLE = "{A message-passing receiver for BICM-OFDM over unknown clustered-sparse channels}",
     YEAR = "2011",
     NOTE = {{\sf arXiv:1101.4724}}
}

@INPROCEEDINGS{JamesStein,
  author = {W.~James and C.~Stein},
  title = "{Estimation with quadratic loss}",
  booktitle = {Proc. Fourth Berkeley Symp. Math. Statist. Prob},
  address = {Berkeley},
  year = {2010}
  }

@inproceedings{tulino2011support,
  title={Support recovery with sparsely sampled free random matrices},
  author={Tulino, A. and Caire, G. and Shamai, S. and Verd{\'u}, S.},
  booktitle={Information Theory Proceedings (ISIT), 2011 IEEE International Symposium on},
  pages={2328--2332},
  year={2011},
  organization={IEEE}
}

@INPROCEEDINGS{SchniterTurbo,
  author = "P.~Schniter",
  title = "{Turbo Reconstruction of Structured Sparse Signals}",
  booktitle = {Proceedings of the Conference on Information Sciences and Systems},
  address = {Princeton},
  year = {2010}
  }

@INPROCEEDINGS{SchniterEM,
  author = {J.~Vila and P.~Schniter},
  title = "Expectation-Maximization Bernoulli-Gaussian Approximate Message Passing",
  booktitle = {Proc. Asilomar Conf. on Signals, Systems, and Computers},
  address = {Pacific Grove, CA},
  year = {2011}
  }

@article{thorne2007generating,
  title={Generating confidence intervals on biological networks},
  author={Thorne, Thomas and Stumpf, Michael PH},
  journal={BMC bioinformatics},
  volume={8},
  number={1},
  pages={467},
  year={2007},
  publisher={BioMed Central Ltd}
}

@article{song2005highly,
  title={Highly nonrandom features of synaptic connectivity in local cortical circuits},
  author={Song, Sen and Sj{\"o}str{\"o}m, Per Jesper and Reigl, Markus and Nelson, Sacha and Chklovskii, Dmitri B},
  journal={PLoS Biol},
  volume={3},
  number={3},
  pages={e68},
  year={2005}
}

@article{blitzstein2011sequential,
  title={A sequential importance sampling algorithm for generating random graphs with prescribed degrees},
  author={Blitzstein, Joseph and Diaconis, Persi},
  journal={Internet Mathematics},
  volume={6},
  number={4},
  pages={489--522},
  year={2011},
  publisher={Taylor \& Francis}
}

@article{milo2003uniform,
  title={On the uniform generation of random graphs with prescribed degree sequences},
  author={Milo, Ron and Kashtan, Nadav and Itzkovitz, Shalev and Newman, Mark E.J. and Alon, Uri},
  journal={{\sf arXiv  cond-mat/0312028}},
  year={2003}
}

@INPROCEEDINGS{Schniter-NonUniform-2010,
  author = {S.~Som, L.C.~Potter and P.~Schniter},
  title = "{On Approximate Message Passing for Reconstruction of Non-Uniformly Sparse Signals}",
  booktitle = {Proceedings of the National Aereospace and Electronics Conference},
  address = {Dayton, OH},
  year = {2010}
  }


@INPROCEEDINGS{SchniterTree,
     AUTHOR = "S.~Som and L.C.~Potter and P.~Schniter",
     TITLE = "{Compressive Imaging using Approximate Message Passing and a Markov-Tree Prior}",
     BOOKTITLE = "Proc. Asilomar Conf. on Signals, Systems, and Computers",
     MONTH = nov,
     YEAR = "2010",
     TYPE = "conference"}

@ARTICLE{Felstrom,
     AUTHOR = "A.J.~Felstrom and K.S.~Zigangirov",
     TITLE = "Time-varying periodic convolutional codes with low-density parity-check matrix",
     JOURNAL =  "IEEE Trans. Inform.~Theory",
     YEAR = "1999",
     VOLUME = "45",
     PAGES = "2181--2190"}

@INPROCEEDINGS{Costello,
     AUTHOR = "A.~Sridharan and M.~Lentmaier and D.~J.~Costello~Jr and K.~S.~Zigangirov",
     TITLE = "{Convergence analysis of a class of LDPC convolutional codes for the erasure channel}",
     BOOKTITLE = "43rd Annual Allerton Conference",
     MONTH = sep,
     ADDRESS = "Monticello, IL",
      YEAR = {2004}
}


@incollection{Karp72,
  author = {Richard Karp},
  booktitle = {Complexity of Computer Computations},
  editor = {Miller, R. and Thatcher, J.},
  pages = {85--103},
  publisher = {Plenum Press},
  title = {Reducibility among combinatorial problems},
  year = 1972
}

@ARTICLE{CevherReview,
AUTHOR = "V.~Cevher and  P.~Indyk and  L.~Carin and R.G.~Baraniuk",
TITLE = "{Sparse Signal Recovery and Acquisition with Graphical Models}",
JOURNAL =  "IEEE Signal Processing Magazine",
YEAR = "2010",
VOLUME = "27",
PAGES = "92-103"}

@inproceedings{cook1971complexity,
  title={The complexity of theorem-proving procedures},
  author={Cook, Stephen A},
  booktitle={Proceedings of the third annual ACM symposium on Theory of computing},
  pages={151--158},
  year={1971},
  organization={ACM}
}

@inproceedings{friedman1989second,
  title={On the second eigenvalue of random regular graphs},
  author={Friedman, Joel and Kahn, Jeff and Szemeredi, Endre},
  booktitle={Proceedings of the twenty-first annual ACM symposium on Theory of computing},
  pages={587--598},
  year={1989},
  organization={ACM}
}

@book{garey1979computers,
  title={Computers and intractability},
  author={Garey, Michael R and Johnson, David S},
  volume={174},
  year={1979},
  publisher={Freeman New York}
}

@inproceedings{hastad1996clique,
  title={Clique is hard to approximate within $n^{1-\epsilon}$},
  author={Hastad, Johan},
  booktitle={Foundations of Computer Science, 1996. Proceedings., 37th Annual Symposium on},
  pages={627--636},
  year={1996},
  organization={IEEE}
}

@article{dinur2005hardness,
  title={On the hardness of approximating minimum vertex cover},
  author={Dinur, Irit and Safra, Samuel},
  journal={Annals of Mathematics},
  pages={439--485},
  year={2005},
  publisher={JSTOR}
}



@ARTICLE{ModelCS,
AUTHOR = "R.~G.~Baraniuk and V.~Cevher and M.~F.~Duarte and C.~Hegde",
TITLE = "{Model-Based Compressive Sensing}",
JOURNAL =  "IEEE Trans. Inform.~Theory",
YEAR = "2010",
VOLUME = "56",
PAGES = "1982-2001"}

@article{decelle2011asymptotic,
  title={Asymptotic analysis of the stochastic block model for modular networks and its algorithmic applications},
  author={Decelle, Aurelien and Krzakala, Florent and Moore, Cristopher and Zdeborov{\'a}, Lenka},
  journal={Physical Review E},
  volume={84},
  number={6},
  pages={066106},
  year={2011},
  publisher={APS}
}

@INPROCEEDINGS{CevherMRF,
     author = "V.~Cevher and C.~Hegde and M.~F.~Duarte and R.~G.~Baraniuk",
     title = "{Sparse Signal Recovery Using Markov Random Fields}",
     BOOKTITLE = "Neural Information Processing Systems",
     MONTH = dec,
     ADDRESS = "Vancouver",
     YEAR = "2008"}

@UNPUBLISHED{FoucartEtAl,
  author = {S.~Foucart and A.~Pajor and H.~Rauhut and T.~Ullrich},
  title = "{The Gelfand widths of $\ell_p$-balls for $0 < p\le 1$}",
  year = {2010},
  note = {{\sf arXiv:1002.0672}}
  }

@article{DoJo95,
  author    = {D.L.~Donoho and I.M.~Johnstone},
  title     = {Adapting to Unknown Smoothness via Wavelet Shrinkage},
  journal   =  { J. Amer. Statist. Assn.},
  volume    = {90},
  year      = {1995},
  pages={1200-1224},
  ee        = {Stable URL: http://www.jstor.org/stable/2291512},
}

@ARTICLE{Do,
     AUTHOR = "D. L. Donoho",
     TITLE = "{High-dimensional centrally symmetric polytopes with neighborliness proportional to dimension}",  
     JOURNAL = "Discrete Comput. Geometry",  
     VOLUME = 35, 
     PAGES = "617-652",
     YEAR = "2006"}  

@ARTICLE{DoTa10,
  AUTHOR =       {D. L. Donoho and J. Tanner},
  TITLE =        {Precise Undersampling Theorems},
  JOURNAL =      {Proceedings of the IEEE},
  YEAR =         {2010},
  volume =       {98},
  pages =        {913-924}
}


@article{GaBr97,
  author    =  {H.-Y.~Gao and  A.G.~Bruce},
  title     = {WaveShrink with firm shrinkage},
  journal   = {Statistica Sinica },
  volume    = {7},
  year      = {1997},
  pages={855-874},
  ee        = {http://www3.stat.sinica.edu.tw/statistica/oldpdf/A7n43.pdf},
}




@unpublished{HassibiXu,
  author    = {W.~Xu and
               B.~Hassibi},
  title     = {Compressive Sensing over the Grassmann Manifold: a Unified
               Geometric Framework},
  note   = {{\sf arXiv:1005.3729}},
  year      = {2010}
}


@article{CaSt81,
  author    = {G.~Casella and W.~E.~Strawderman},
  title     = {Estimating a Bounded Normal Mean},
  journal   = {Annals of Statistics},
  volume    = {9},
  year      = {1981},
 pages    = {870-878},
  ee        = {http://www.jstor.org/stable/2240855}
}

% BCT11

@article{BlCaTa11,
  author    = {J.~D. Blanchard and
               C.~Cartis and
               J.~Tanner},
  title     = {Compressed Sensing: How Sharp Is the Restricted Isometry
               Property?},
  journal   = {SIAM Review},
  volume    = {53},
  number    = {1},
  year      = {2011},
  pages     = {105-125},
  ee        = {http://dx.doi.org/10.1137/090748160},
  bibsource = {DBLP, http://dblp.uni-trier.de}
}

@article{DoTa09b,
  author    = {D.L.~Donoho and J.~Tanner},
  title     = {Observed universality of phase transitions in high-dimensional geometry, with implications for modern data analysis and signal processing},
  journal   = {Phil. Trans. R. Soc. A },
  volume    = {367},
  year      = {2009},
  pages={4273-4293},
  ee        = {doi: 10.1098/rsta.2009.015}
}

@article{DoTa10b,
  author    = {D.~L. Donoho and
               J.~Tanner},
  title     = {Counting the Faces of Randomly-Projected Hypercubes and
               Orthants, with Applications},
  journal   = {Discrete {\&} Computational Geometry},
  volume    = {43},
  number    = {3},
  year      = {2010},
  pages     = {522-541},
  ee        = {http://dx.doi.org/10.1007/s00454-009-9221-z},
  bibsource = {DBLP, http://dblp.uni-trier.de}
}
@article{DoTa10a,
  author    = {D.L.~Donoho and
               J.~Tanner},
  title     = {Exponential bounds implying construction of compressed sensing
               matrices, error-correcting codes, and neighborly polytopes
               by random sampling},
  journal   = {IEEE Trans. Inform. Theory},
  volume    = {56},
  number    = {4},
  year      = {2010},
  pages     = {2002-2016},
  ee        = {http://dx.doi.org/10.1109/TIT.2010.2040892},
  bibsource = {DBLP, http://dblp.uni-trier.de}
}

@article{DoTs09,
  author    = {D.L.~Donoho and
               Y.~Tsaig},
  title     = {Fast Solution of l$_{\mbox{1}}$-Norm Minimization Problems
               When the Solution May Be Sparse},
  journal   = {IEEE Trans. Inform. Theory},
  volume    = {54},
  number    = {11},
  year      = {2008},
  pages     = {4789-4812},
  ee        = {http://dx.doi.org/10.1109/TIT.2008.929958},
  bibsource = {DBLP, http://dblp.uni-trier.de}
}

@article{MaDo10,
  author    ={A.~Maleki and  D.~L.~Donoho},
  title     =  {Optimally Tuned Iterative Reconstruction Algorithms for Compressed Sensing},
  journal   = {IEEE Journal of Selected Topics in Signal Processing},
  volume    = {4},
  year      = {2010},
  pages   = {330-341},
  ee        = {doi:10.1109/JSTSP.2009.2039176 }
}



@article{DJHS92,
  author    = {D.L. Donoho, I.M. Johnstone, J.C. Hoch and A.S. Stern},
  title     = {Maximum entropy and the nearly black object (with discussion)},
  journal   = { J. Roy. Statist. Soc. B},
  volume    = {54},
  year      = {1992},
  pages={41-81}
}

@article{BlTa11,
  author    = {J.~Blanchard and J.~Tanner},
  title     = {Large Scale Iterative Hard Thresholding on a Graphical Processing Unit},
  journal   = {ICNAAM 2010: International Conference of Numerical Analysis and Applied Mathematics },
  volume    = {1281},
  year      = {2010},
  pages={ 1730-1734},
  ee        = {doi:10.1063/1.3498192}
}



@article{HaKePi98,
  author    = {P.~Hall and  G.~Kerkyacharian and D.~Picard },
  title     = {Block threshold rules for curve estimation using kernel and wavelet methods},
  journal   = {Ann. Statist. },
  volume    = {26},
  year      = {1998},
  pages={922-942},
  ee        = {doi:10.1214/aos/1024691082}
}

@article{ROF92,
  author    = {L.~I.~Rudin and S.~Osher and E.~Fatemi},
  title     = {Nonlinear total variation based noise removal algorithms},
  journal   = {Physica D: Nonlinear Phenomena},
  volume    = {60},
  year      = {1992},
  pages={259-268}
}

@article{DT10,
  author    = {D.~L.~Donoho and
               J.~Tanner},
  title     = {Counting the Faces of Randomly-Projected Hypercubes and
               Orthants, with Applications},
  journal   = {Discrete {\&} Computational Geometry},
  volume    = {43},
  number    = {3},
  year      = {2010},
  pages     = {522-541},
  ee        = {http://dx.doi.org/10.1007/s00454-009-9221-z},
  bibsource = {DBLP, http://dblp.uni-trier.de}
}

@article{addario2010combinatorial,
  title={On combinatorial testing problems},
  author={Addario-Berry, Louigi and Broutin, Nicolas and Devroye, Luc and Lugosi, G{\'a}bor},
  journal={The Annals of Statistics},
  volume={38},
  number={5},
  pages={3063--3092},
  year={2010},
  publisher={Institute of Mathematical Statistics}
}

@article{bhamidi2012energy,
  title={Energy Landscape for large average submatrix detection problems in Gaussian random matrices},
  author={Bhamidi, Shankar and Dey, Partha S and Nobel, Andrew B},
  journal={arXiv preprint arXiv:1211.2284},
  year={2012}
}

@article{arias2011detection,
  title={Detection of an anomalous cluster in a network},
  author={Arias-Castro, Ery and Cand{\`e}s, Emmanuel J. and Durand, Arnaud},
  journal={The Annals of Statistics},
  volume={39},
  number={1},
  pages={278--304},
  year={2011},
  publisher={Institute of Mathematical Statistics}
}

@article{arias2008searching,
  title={Searching for a trail of evidence in a maze},
  author={Arias-Castro, Ery and Cand{\`e}s, Emmanuel J. and Helgason, Hannes and Zeitouni, Ofer},
  journal={The Annals of Statistics},
  pages={1726--1757},
  year={2008},
  publisher={JSTOR}
}

@article{arias2005near,
  title={Near-optimal detection of geometric objects by fast multiscale methods},
  author={Arias-Castro, Ery and Donoho, David L and Huo, Xiaoming},
  journal={Information Theory, IEEE Transactions on},
  volume={51},
  number={7},
  pages={2402--2425},
  year={2005},
  publisher={IEEE}
}

@article{DBLP:journals/corr/abs-1004-0402,
  author    = {M.~A.~Khajehnejad and
               W.~Xu and
               A.~S.~Avestimehr and
               B.~Hassibi},
  title     = {Improved Sparse Recovery Thresholds with Two-Step Reweighted
              $\ell_1$ Minimization},
  note    = {{\sf arXiv:1004.0402}},
  year      = {2010}
}


@article{Fused,
  author    = {R.~Tibshirani and M.~Saunders and S.~Rosset and J.~Zhu and K.~Knight},
  title     = {Sparsity and smoothness via the fused lasso},
  journal   = {J. R. Statist. Soc. B},
  volume    = {67},
  year      = {205},
  pages     = {91-108}
}

@article{BiCo83,
  author    = {P.~Bickel and J.~Collins},
  title     = {Minimizing Fisher Information over mixtures of distributions},
  journal   = {Sankhya A},
  volume    = {45 },
  year      = {1983},
  pages        = {1-19}
}

@article{knight2000asymptotics,
  title={Asymptotics for lasso-type estimators},
  author={Knight, K. and Fu, W.},
  journal={Annals of Statistics},
  pages={1356--1378},
  year={2000},
  publisher={JSTOR}
}


@article{Bi81,
  author    = {P.~Bickel},
  title     = {Minimax Estimation of the Mean of a Normal Distribution when the Parameter Space is Restricted
},
  journal   = {Annals of Statistics},
  volume    = {9 },
  year      = {1981},
  pages        = {1301-1309},
}
 

@article{Jo94a,
  author    = {I.M.~Johnstone},
  title     = {On minimax estimation of a sparse normal mean vector},
  journal   = {Annals of Statistics},
  volume    = {22 },
  year      = {1994},
  pages        = {271–289.}
}

@INCOLLECTION{Jo94b,
  author    = {I.~M.~Johnstone},
  title     = {Minimax Bayes, asymptotic minimax and sparse wavelet priors},
  booktitle   = {Statistical Decision Theory and Related Topics, V },
  editor      = {S.S. Gupta and J.O. Berger, eds.},
  publisher = {},
  year      = {1994},
  pages        = {303–326}
}

@article{Mallows78,
title ={Minimizing an Integral},
author = {C.~L.~Mallows},
journal = {SIAM Review},
volume={ 20}, 
pages={183},
year = {1978}
}

@article{HuberMinimax,
     title = {Robust Estimation of a Location Parameter},
     author = {P.J.~Huber},
     journal = {The Annals of Mathematical Statistics},
     volume = {35},
     number = {1},
     pages = {73-101},
     url = {http://www.jstor.org/stable/2238020},
     year={1964}
}

@article{candes2011robust,
  title={Robust principal component analysis?},
  author={Cand{\`e}s, Emmanuel J. and Li, Xiaodong and Ma, Yi and Wright, John},
  journal={Journal of the ACM (JACM)},
  volume={58},
  number={3},
  pages={11},
  year={2011},
  publisher={ACM}
}

@book{HuberBook,
author = { P.J.~Huber and E.~Ronchetti},
title={Robust Statistics (second edition)},
publisher ={J. Wiley and Sons},
year={2009}
}

@article{Cai99,
     title = {Adaptive Wavelet Estimation: A Block Thresholding and Oracle Inequality Approach},
     author = {T.T.~Cai},
     journal = {The Annals of Statistics},
      volume = {27},
     number = {3},
     pages = {pp. 898-924},
     url = {http://www.jstor.org/stable/120144},
     year = {1999},
     publisher = {Institute of Mathematical Statistics},
     }

@article{BrJoMa81,
     title = {Variation Diminishing Transformations: A Direct Approach to Total Positivity and its Statistical Applications},
     author = {L.D.~Brown. and I.M.~Johnstone and K.B.~MacGibbon},
     journal = {Journal of the American Statistical Association},
     volume = {76},
     number = {376},
     jstor_formatteddate = {Dec., 1981},
     pages = {824-832},
     url = {http://www.jstor.org/stable/2287577},
     year = {1981},
    }

@article{Saligrama,
title ={Information Theoretic Bounds for Compressed Sensing},
author = {S.~Aeron and V.~Saligrama and   Manqi Zhao},
journal = {IEEE Trans. Inform. Theory},
volume={56}, 
pages={5111 - 5130 },
year = {2010}
}

@article{KashinTemlyakov,
title ={A remark on Compressed Sensing},
author = {B.S.~Kashin and V.N.~Temlyakov},
journal = {Mathematical Notes},
volume={82}, 
pages={748-755},
year = {2007}
}

@UNPUBLISHED{CandesDavenport,
  author = {E.~Cand\'es and M.~Davenport},
  title = "{How well can we estimate a sparse vector?}",
  year = {2011},
  note = {{\sf arXiv:1104.5246v3}}
  }

@inproceedings{IndykLower,
 author = {K.~Do~Ba and P.~Indyk and E.~Price and D.~P.~Woodruff},
 title = {Lower bounds for sparse recovery},
 booktitle = {Proceedings of the Twenty-First Annual ACM-SIAM Symposium on Discrete Algorithms},
 series = {SODA '10},
 year = {2010},
 location = {Austin, Texas},
 pages = {1190--1197}
} 

@INPROCEEDINGS{KudekarPfister, 
author={S.~Kudekar and H.D.~Pfister}, 
booktitle={ 48th Annual Allerton Conference}, 
title={The effect of spatial coupling on compressive sensing}, 
year={2010}, 
pages={347 -353}
}

@ARTICLE{Guo05mutualinformation,
    author = {D.~Guo and S.~Shamai and S.~Verd\'u},
    title = {Mutual information and minimum mean-square error in Gaussian channels},
    journal = {IEEE Trans. Inform. Theory},
    year = {2005},
    volume = {51},
    pages = {1261--1282}
}

@ARTICLE{BuhlmannVanDeGeer,
    author = {S.A.~van~de~Geer and P.~B{\"u}hlmann},
    title = {On the conditions used to prove oracle results for the Lasso},
    journal = {Electron. J. Statist.},
    year = {2009},
    volume = {3},
    pages = {1360--1392}
}

@article{lounici2008sup,
  title={Sup-norm convergence rate and sign concentration property of Lasso and Dantzig estimators},
  author={Lounici, Karim},
  journal={Electronic Journal of statistics},
  volume={2},
  pages={90--102},
  year={2008},
  publisher={Institute of Mathematical Statistics}
}

@UNPUBLISHED{BuhlmannSignificance,
  author = {P.~B{\"u}hlmann},
  title = "{Statistical significance in high-dimensional linear models}",
  note= {{\sf arXiv:1202.1377}},
  year = {2012}
  }

@UNPUBLISHED{ZhangZhangSignificance,
  author = {C.-H.~Zhang and S.S.~Zhang},
  title = "{Confidence Intervals for Low-Dimensional Parameters in High-Dimensional Linear Models}",
  note = {{\sf arXiv:1110.2563}},
  year = {2011}
  }

@INPROCEEDINGS{TakedaKabashima, 
author={K.~Takeda and Y.~Kabashima}, 
booktitle={IEEE Intl. Symp. on Inform. Theory}, 
title={Statistical mechanical analysis of compressed sensing utilizing correlated compression matrix}, 
year={2010}, 
month={june}
}

@ARTICLE{TanakaCDMA,
     AUTHOR = "T.~Tanaka",
     TITLE = "{A Statistical-Mechanics Approach to Large-System Analysis 
              of CDMA Multiuser Detectors}",
     JOURNAL = "IEEE Trans. Inform.~Theory",
     PAGES = "2888--2910",
     VOLUME = 48,
     YEAR = "2002"}

@inproceedings{guo2009single,
  title={A single-letter characterization of optimal noisy compressed sensing},
  author={Guo, D. and Baron, D. and Shamai, S.},
  booktitle={Communication, Control, and Computing, 2009. Allerton 2009. 47th Annual Allerton Conference on},
  pages={52--59},
  year={2009},
  organization={IEEE}
}

@article{guo2008multiuser,
  title={Multiuser detection of sparsely spread CDMA},
  author={Guo, D. and Wang, C.C.},
  journal={Selected Areas in Communications, IEEE Journal on},
  volume={26},
  number={3},
  pages={421--431},
  year={2008},
  publisher={IEEE}
}

@ARTICLE{GuoVerdu,
     AUTHOR = "D.~Guo and S.~Verdu",
     TITLE = "{Randomly Spread CDMA: Asymptotics via Statistical Physics}", 
     JOURNAL = "IEEE Trans. Inform. Theory", 
     VOLUME = "51", 
     PAGES = "1982-2010", 
     YEAR = "2005"}
     
    @Article{glmnet,
    title = {Regularization Paths for Generalized Linear Models via
      Coordinate Descent},
    author = {Jerome Friedman and Trevor Hastie and Robert Tibshirani},
    journal = {Journal of Statistical Software},
    year = {2010},
    volume = {33},
    number = {1},
    pages = {1--22},
    url = {http://www.jstatsoft.org/v33/i01/},
  }
  
@article{meinshausen2009lasso,
  title={Lasso-type recovery of sparse representations for high-dimensional data},
  author={Meinshausen, N. and Yu, B.},
  journal={The Annals of Statistics},
  volume={37},
  number={1},
  pages={246--270},
  year={2009},
  publisher={Institute of Mathematical Statistics}
}

@article{zou2006adaptive,
  title={The adaptive lasso and its oracle properties},
  author={Zou, H.},
  journal={Journal of the American Statistical Association},
  volume={101},
  number={476},
  pages={1418--1429},
  year={2006},
  publisher={Taylor \& Francis}
}

@article{candes2009near,
  title={Near-ideal model selection by $\ell_1$ minimization},
  author={Cand{\`e}s, E.J. and Plan, Y.},
  journal={The Annals of Statistics},
  volume={37},
  number={5A},
  pages={2145--2177},
  year={2009},
  publisher={Institute of Mathematical Statistics}
}


@inproceedings{weitz2006counting,
  title={Counting independent sets up to the tree threshold},
  author={Weitz, Dror},
  booktitle={Proceedings of the thirty-eighth annual ACM symposium on Theory of computing},
  pages={140--149},
  year={2006},
  organization={ACM}
}

@inproceedings{bayati2010combinatorial,
  title={Combinatorial approach to the interpolation method and scaling limits in sparse random graphs},
  author={Bayati, Mohsen and Gamarnik, David and Tetali, Prasad},
  booktitle={Proceedings of the 42nd ACM symposium on Theory of computing},
  pages={105--114},
  year={2010},
  organization={ACM}
}

@article{dembo2011factor,
  title={Factor models on locally tree-like graphs},
  author={Dembo, Amir and Montanari, Andrea and Sun, Nike},
  journal={arXiv preprint arXiv:1110.4821},
  year={2011}
}

@article{lyons1995ergodic,
  title={Ergodic theory on Galton-Watson trees: speed of random walk and dimension of harmonic measure},
  author={Lyons, Russell and Pemantle, Robin and Peres, Yuval},
  journal={Ergodic Theory and Dynamical Systems},
  volume={15},
  number={3},
  pages={593},
  year={1995},
  publisher={Cambridge Univ Press}
}


@UNPUBLISHED{ramjilower,
  author = {Ramji Venkataramanan and Oliver Johnson},
  title = "{Strong converse bounds for high-dimensional estimation}",
  note= {{\sf arXiv:1706.04410}},
  year = {2017}
  }
  
  
@inproceedings{lulispectral,
  title={Phase Transitions of Spectral Initialization for High-Dimensional Nonconvex Estimation},
  author={Yue M. Lu and Gen Li},
  booktitle={Proc of the IEEE Int. Symposium on Inform. Theory (ISIT)},
  year={2017},
  month={June},
  address = {Aachen, Germany}
}


@unpublished{lulispectral_arxiv,
  title={Phase Transitions of Spectral Initialization for High-Dimensional Nonconvex Estimation},
  author={Yue M. Lu and Gen Li},
  note= {{\sf arXiv:1702.06435}},
  year={2017}
}

@inproceedings{replicaReeves,
  title={The replica-symmetric prediction for compressed sensing with {G}aussian matrices is exact},
  author={Galen Reeves and Henry D. Pfister},
  booktitle={Proc. of the IEEE Int. Symposium on Inform. Theory (ISIT)},
  year={2016},
  month={July},
  pages = {665--669},
  address = {Barcelona, Spain}
}

@article{baiyaospike2012,
  title={On sample eigenvalues in a generalized spiked population model},
  author={Zhidong Bai and Jianfeng Yao},
  journal={Journal of Multivariate Analysis},
  volume={106},
  pages={167--177},
  year={2012}
}

@article{benaychpert2011,
  title={The eigenvalues and eigenvectors of finite, low rank perturbations of large random matrices},
  author={Florent Benaych-Georges and Raj R. Nadakuditi},
  journal={Advances in Mathematics},
  volume={227},
  number = {1},
  pages={494--521},
  year={2011},
  month={May}
}


@article{silsang1995,
  title={Analysis of the limiting spectral distribution of large-dimensional random matrices},
  author={Jack W. Silverstein and Sang-Il Choi},
  journal={Journal of Multivariate Analysis},
  volume={54},
  number = {2},
  pages={295--309},
  year={1995}
}

@article{voi91,
  title={Limit laws for random matrices and free products},
  author={Dan Voiculescu},
  journal={Inventiones Mathematicae},
  volume={104},
  pages={201--220},
  year={1991}
}

@article{spe93,
  title={Free convolution and the random sum of matrices},
  author={Roland Speicher},
  journal={Publ. Res. Inst. Math. Sci.},
  volume={29},
  pages={731--744},
  year={1993}
}

@article{polytopeBLM,
  title={Universality in polytope phase transitions and message passing algorithms},
  author={Mohsen Bayati and Marc Lelarge and Andrea Montanari},
  journal={Annals of Applied Probability},
  volume={25},
  number = {2},
  pages={753--822},
  year={2015}
}


@article{highdimDonoho,
  title={High dimensional robust {M}-estimation: {A}symptotic variance via approximate message passing},
  author={David L. Donoho and Andrea Montanari},
  journal={Probability Theory and Related Fields},
  volume={166},
  number = {3--4},
  pages={935--969},
  year={2016},
  month = {Dec.}
}


@article{slopeSu,
  title={Slope is adaptive to unknown sparsity and asymptotically minimax},
  author={Weijie Su and Emmanuel J. Cand{\`e}s},
  journal={Annals of Statistics},
  volume={44},
  number = {3},
  pages={1038-1068},
  year={2016}
}


@UNPUBLISHED{belinschi2015,
  author = {Serban T. Belinschi and Hari Bercovici and Mireille Capitaine and Maxime F{\'e}vrier},
  title = {Outliers in the spectrum of large deformed unitarily invariant models},
  note= {{\sf arXiv:1412.4916}},
  year = {2015}
  }
  

@UNPUBLISHED{asyKar,
  author = {Noureddine El Karoui},
  title = {Asymptotic behavior of unregularized and ridge-regularized high-dimensional robust regression estimators: {R}igorous results},
  note= {{\sf arXiv:1311.2445}},
  year = {2013}
  }
  

@INPROCEEDINGS{squaredOymak,
   AUTHOR = "Samet Oymak and Christos Thrampoulidis and Babak Hassibi",
    TITLE = "{The squared-error of generalized LASSO: A precise analysis}",
     BOOKTITLE = "Proc. of the 51st Annual Allerton Conf. on Commun., Control, and Computing (Allerton)",
     MONTH = "Oct.",
     ADDRESS = "Monticello, IL",
     YEAR = "2013",
     PAGES = {1002--1009}
     }

@ARTICLE{spatialcomprDonoho,
     AUTHOR = "David L. Donoho and Adel Javanmard and Andrea Montanari",
     TITLE = "Information-theoretically optimal compressed sensing via spatial coupling and approximate message passing", 
     JOURNAL = "IEEE Trans. Inform. Theory", 
     VOLUME = "59",
     NUMBER = {11}, 
     PAGES = "7434--7464", 
     YEAR = "2013",
     MONTH = {Nov.}
     }
     
@UNPUBLISHED{MIBarbier,
  author = {Jean Barbier and Nicolas Macris and Mohamad Dia and Florent Krzakala},
  title = {Mutual Information and Optimality of Approximate Message-Passing in Random Linear Estimation},
  note= {{\sf arXiv:1311.2445}},
  year = {2017}
  }
  
@ARTICLE{stochasticDesh,
     AUTHOR = "Y. Deshpande and E. Abbe and A. Montanari",
     TITLE = "Asymptotic mutual information for the balanced binary stochastic block model", 
     JOURNAL = "Information and Inference", 
     VOLUME = "6",
     NUMBER = {2}, 
     PAGES = "125--170", 
     YEAR = "2017",
     MONTH = "June"
     }
     
@ARTICLE{photonUnser,
     AUTHOR = "Michael Unser and Murray Eden", 
     TITLE = "Maximum likelihood estimation of linear signal parameters for {P}oisson processes",
     JOURNAL = "IEEE Trans. Acoust., Speech, and Signal Process.", 
     VOLUME = "36",
     NUMBER = {6}, 
     PAGES = "942--945", 
     YEAR = "1988",
     MONTH = "July"
     }
     
 @ARTICLE{photonVetterli,
     AUTHOR = "Feng Yang and Yue M. Lu and Luciano Sbaiz and Martin Vetterli", 
     TITLE = "Bits from photons: {O}versampled image acquisition using binary {P}oisson statistics",
     JOURNAL = "IEEE Trans. Image Process.", 
     VOLUME = "21",
     NUMBER = {4}, 
     PAGES = "1421--1436", 
     YEAR = "2012",
     MONTH = "Apr."
     }
     
 @ARTICLE{phFienup,
     AUTHOR = "J. R. Fienup", 
     TITLE = "Phase retrieval algorithms: {A} comparison",
     JOURNAL = "Applied Optics", 
     VOLUME = "21",
     NUMBER = {15}, 
     PAGES = "2758--2769", 
     YEAR = "1982",
     MONTH = "Apr."
     }
     
   @ARTICLE{noiseRangan,
     AUTHOR = "Sundeep Rangan and Vivek K. Goyal", 
     TITLE = "Recursive consistent estimation with bounded noise",
     JOURNAL = "IEEE Trans. Inform. Theory", 
     VOLUME = "47",
     NUMBER = {1}, 
     PAGES = "457--464", 
     YEAR = "2001",
     MONTH = "Jan."
     }
     

@article{LK16,
author = {Lenka Zdeborov{\'a} and Florent Krzakala},
title = {Statistical physics of inference: {T}hresholds and algorithms},
journal = {Advances in Physics},
volume = {65},
number = {5},
pages = {453--552},
year = {2016}
}


@inproceedings{barbier2016mutual,
  title={Mutual information for symmetric rank-one matrix estimation: {A} proof of the replica formula},
  author={Barbier, Jean and Dia, Mohamad and Macris, Nicolas and Krzakala, Florent and Lesieur, Thibault and Zdeborov{\'a}, Lenka},
  booktitle={Advances in Neural Information Processing Systems (NIPS)},
  pages={424--432},
  year={2016}
}


@INPROCEEDINGS{lesieur2015mmse,
   AUTHOR = "T. Lesieur and F. Krzakala and L. Zdeborov{\'a}",
    TITLE = "{MMSE of probabilistic low-rank matrix estimation: Universality with respect to the output channel}",
     BOOKTITLE = "Proc. of the 51st Annual Allerton Conf. on Commun., Control, and Computing (Allerton)",
     MONTH = "Oct.",
     ADDRESS = "Monticello, IL",
     YEAR = "2015",
     PAGES = {680--687}
     }
     
     
     
@article{H93,
author = {Robert W. Harrison},
title = {Phase problem in crystallography},
journal = {J. Optical Soc. America A},
volume = {10},
number = {5},
pages = {1046--1055},
year = {1993}
}

     
@article{M90,
author = {Rick P. Millane},
title = {Phase retrieval in crystallography and optics},
journal = {J. Optical Soc. America A},
volume = {7},
number = {3},
pages = {394--411},
year = {1990}
}

@article{miao2008extending,
  title={Extending {X}-ray crystallography to allow the imaging of noncrystalline materials, cells, and single protein complexes},
  author={Miao, Jianwei and Ishikawa, Tetsuya and Shen, Qun and Earnest, Thomas},
  journal={Annu. Rev. Phys. Chem.},
  volume={59},
  pages={387--410},
  year={2008},
  publisher={Annual Reviews}
}

@article{fienup1987phase,
  title={Phase retrieval and image reconstruction for astronomy},
  author={Fienup, J. R. and Dainty, J. C.},
  journal={Image Recovery: Theory and Application},
  pages={231--275},
  year={1987},
  publisher={New York, NY, USA: Academic}
}

@article{walther1963question,
  title={The question of phase retrieval in optics},
  author={Walther, Adriaan},
  journal={Journal of Modern Optics},
  volume={10},
  number={1},
  pages={41--49},
  year={1963},
  publisher={Taylor \& Francis}
}

@article{demanet2017convex,
  title={Convex recovery from interferometric measurements},
  author={Demanet, Laurent and Jugnon, Vincent},
  journal={IEEE Trans.  Computational Imaging},
  volume={3},
  number={2},
  pages={282--295},
  year={2017},
  publisher={IEEE}
}

@article{corbett2006pauli,
  title={{The Pauli problem, state reconstruction and quantum-real numbers}},
  author={Corbett, John V.},
  journal={Reports on Mathematical Physics},
  volume={57},
  number={1},
  pages={53--68},
  year={2006},
  publisher={Elsevier}
}

@article{shechtman2015phase,
  title={Phase retrieval with application to optical imaging: a contemporary overview},
  author={Shechtman, Yoav and Eldar, Yonina C. and Cohen, Oren and Chapman, Henry N. and Miao, Jianwei and Segev, Mordechai},
  journal={IEEE Signal Processing Magazine},
  volume={32},
  number={3},
  pages={87--109},
  year={2015},
  publisher={IEEE}
}

@article{candes2015phase,
  title={Phase retrieval via matrix completion},
  author={Cand{\`e}s, Emmanuel J. and Eldar, Yonina C. and Strohmer, Thomas and Voroninski, Vladislav},
  journal={SIAM Review},
  volume={57},
  number={2},
  pages={225--251},
  year={2015},
  publisher={SIAM}
}

@article{candes2015phase2,
  title={Phase retrieval from coded diffraction patterns},
  author={Cand{\`e}s, Emmanuel J. and Li, Xiaodong and Soltanolkotabi, Mahdi},
  journal={Applied and Computational Harmonic Analysis},
  volume={39},
  number={2},
  pages={277--299},
  year={2015},
  publisher={Elsevier}
}

@article{candes2013phaselift,
  title={Phaselift: Exact and stable signal recovery from magnitude measurements via convex programming},
  author={Cand{\`e}s, Emmanuel J. and Strohmer, Thomas and Voroninski, Vladislav},
  journal={Communications on Pure and Applied Mathematics},
  volume={66},
  number={8},
  pages={1241--1274},
  year={2013},
  publisher={Wiley Online Library}
}

@inproceedings{netrapalli2013phase,
  title={Phase retrieval using alternating minimization},
  author={Netrapalli, Praneeth and Jain, Prateek and Sanghavi, Sujay},
  booktitle={Advances in Neural Information Processing Systems},
  pages={2796--2804},
  year={2013}
}

@article{candes2015wirt,
  title={{Phase retrieval via Wirtinger flow: Theory and algorithms}},
  author={Cand{\`e}s, Emmanuel J. and Li, Xiaodong and Soltanolkotabi, Mahdi},
  journal={IEEE Trans. Inform. Theory},
  volume={61},
  number={4},
  pages={1985--2007},
  year={2015},
  publisher={IEEE}
}

@inproceedings{chen2015solving,
  title={Solving random quadratic systems of equations is nearly as easy as solving linear systems},
  author={Chen, Yuxin and Cand{\`e}s, Emmanuel J.},
  booktitle={Advances in Neural Information Processing Systems},
  pages={739--747},
  year={2015}
}

@inproceedings{zhang2016reshaped,
  title={{Reshaped Wirtinger Flow for solving quadratic system of equations}},
  author={Zhang, Huishuai and Liang, Yingbin},
  booktitle={Advances in Neural Information Processing Systems},
  pages={2622--2630},
  year={2016}
}


@article{cai2016optimal,
  title={{Optimal rates of convergence for noisy sparse phase retrieval via thresholded Wirtinger flow}},
  author={Cai, T. Tony and Li, Xiaodong and Ma, Zongming},
  journal={The Annals of Statistics},
  volume={44},
  number={5},
  pages={2221--2251},
  year={2016},
  publisher={Institute of Mathematical Statistics}
}


@UNPUBLISHED{soltanolkotabi2017structured,
  title={Structured signal recovery from quadratic measurements: Breaking sample complexity barriers via nonconvex optimization},
  author={Soltanolkotabi, Mahdi},
  note= {{\sf arXiv:1702.06175}},
  year = {2017}
  }
 

@inproceedings{li2015phase,
  title={Phase retrieval using iterative projections: Dynamics in the large systems limit},
  author={Li, Gen and Gu, Yuantao and Lu, Yue M.},
     BOOKTITLE = "Proc. of the 53rd Annual Allerton Conf. on Commun., Control, and Computing (Allerton)",
     MONTH = "Oct.",
     ADDRESS = "Monticello, IL",
  pages={1114--1118},
  year={2015}
}

@article{keshavan2010matrix,
  title={Matrix completion from a few entries},
  author={Keshavan, Raghunandan H. and Montanari, Andrea and Oh, Sewoong},
  journal={IEEE Trans. Inform. Theory},
  volume={56},
  number={6},
  pages={2980--2998},
  year={2010},
  publisher={IEEE}
}

@inproceedings{jain2013low,
  title={Low-rank matrix completion using alternating minimization},
  author={Jain, Prateek and Netrapalli, Praneeth and Sanghavi, Sujay},
  booktitle={Proc. of the 45th Ann. ACM Symp. on Theory of Computing (STOC)},
  pages={665--674},
  year={2013},
  month = {June},
  address = {Palo Alto, CA},
  organization={ACM}
}

@article{lee2017blind,
  title={Blind recovery of sparse signals from subsampled convolution},
  author={Lee, Kiryung and Li, Yanjun and Junge, Marius and Bresler, Yoram},
  journal={IEEE Trans. Inform. Theory},
  volume={63},
  number={2},
  pages={802--821},
  year={2017},
  publisher={IEEE}
}



@UNPUBLISHED{li2016rapid,
  title={Rapid, robust, and reliable blind deconvolution via nonconvex optimization},
  author={Li, Xiaodong and Ling, Shuyang and Strohmer, Thomas and Wei, Ke},
  note= {{\sf arXiv:1606.04933}},
  year = {2016}
  }
 
@inproceedings{arora2015simple,
  title={Simple, efficient, and neural algorithms for sparse coding},
  author={Arora, Sanjeev and Ge, Rong and Ma, Tengyu and Moitra, Ankur},
  booktitle={Conference on Learning Theory (COLT)},
  pages={113--149},
  year={2015},
  month ={July},
  address = {Paris, France}
}

@UNPUBLISHED{chen2016projected,
  title={The projected power method: An efficient algorithm for joint alignment from pairwise differences},
  author={Chen, Yuxin and Cand{\`e}s, Emmanuel J.},
  note= {{\sf arXiv:1609.05820}},
  year = {2016}
  }
  
@book{horn2012matrix,
  title={Matrix analysis},
  author={Horn, Roger A. and Johnson, Charles R.},
  year={2012},
  publisher={{Cambridge University Press}}
}

@article{waldspurger2015phase,
  title={Phase recovery, maxcut and complex semidefinite programming},
  author={Waldspurger, Ir{\`e}ne and d'Aspremont, Alexandre and Mallat, St{\'e}phane},
  journal={Mathematical Programming},
  volume={149},
  number={1-2},
  pages={47--81},
  year={2015},
  publisher={Springer}
}

@unpublished{dhifallah2017fundamental,
  title={{Fundamental limits of PhaseMax for phase retrieval: A replica analysis}},
  author={Oussama Dhifallah and Yue M. Lu},
  note={{\sf arXiv:1708.03355}},
  year={2017}
}

@unpublished{duchi2017solving,
  title={Solving (most) of a set of quadratic equalities: Composite optimization for robust phase retrieval},
  author={Duchi, John C. and Ruan, Feng},
  note={{\sf arXiv:1705.02356}},
  year={2017}
}

@unpublished{barbier2017phase,
  title={Phase Transitions, Optimal Errors and Optimality of Message-Passing in Generalized Linear Models},
  author={Barbier, Jean and Krzakala, Florent and Macris, Nicolas and Miolane, L{\'e}o and Zdeborov{\'a}, Lenka},
  note={{\sf arXiv:1708.03395}},
  year={2017}
}

@UNPUBLISHED{wang2016solving,
  title={Solving systems of random quadratic equations via truncated amplitude flow},
  author={Wang, Gang and Giannakis, Georgios B. and Eldar, Yonina C.},
  note= {{\sf arXiv:1605.08285}},
  year = {2016}
  }


@inproceedings{wang2016solvingnips,
  title={Solving random systems of quadratic equations via truncated generalized gradient flow},
  author={Wang, Gang and Giannakis, Georgios B.},
  booktitle={Advances in Neural Information Processing Systems},
  pages={568--576},
  year={2016}
}

@article{chen2017solving,
  title={Solving Random Quadratic Systems of Equations Is Nearly as Easy as Solving Linear Systems},
  author={Chen, Yuxin and Cand{\`e}s, Emmanuel J.},
  journal={Communications on Pure and Applied Mathematics},
  volume={70},
  pages={0822--0883},
  year={2017}
}

@article{wei2015solving,
  title={{Solving systems of phaseless equations via Kaczmarz methods: A proof of concept study}},
  author={Wei, Ke},
  journal={Inverse Problems},
  volume={31},
  number={12},
  year={2015},
  publisher={IOP Publishing}
}

@article{gerchberg1972practical,
  title={A practical algorithm for the determination of the phase from image and diffraction plane pictures},
  author={Gerchberg, Ralph W.},
  journal={Optik},
  volume={35},
  pages={237--246},
  year={1972}
}


@article{davis1970rotation,
  title={{The rotation of eigenvectors by a perturbation. III}},
  author={Davis, Chandler and Kahan, William M.},
  journal={SIAM Journal on Numerical Analysis},
  volume={7},
  number={1},
  pages={1--46},
  year={1970},
  publisher={SIAM}
}


@UNPUBLISHED{wang2017solving,
  title={Solving Almost all Systems of Random Quadratic Equations},
  author={Wang, Gang and Giannakis, Georgios B. and Saad, Yousef and Chen, Jie},
  note= {{\sf arXiv:1705.10407}},
  year = {2017}
  }
  
  @UNPUBLISHED{goldstein2016phasemax,
    title={PhaseMax: Convex phase retrieval via basis pursuit},
    author={Goldstein, Tom and Studer, Christoph},
    note= {{\sf arXiv:1610.07531}},
    year={2016}
}

@InProceedings{bahmani17a,
  title = 	 {Phase Retrieval Meets Statistical Learning Theory: {A} Flexible Convex Relaxation},
  author = 	 {Sohail Bahmani and Justin Romberg},
  booktitle = 	 {Proc. of the 20th International Conference on Artificial Intelligence and Statistics (AISTATS)},
  pages = 	 {252--260},
  year = 	 {2017},
  address = 	 {Fort Lauderdale, FL},
  month = 	 {June}
}


@article{balan2006signal,
  title={On signal reconstruction without phase},
  author={Balan, Radu and Casazza, Pete and Edidin, Dan},
  journal={Applied and Computational Harmonic Analysis},
  volume={20},
  number={3},
  pages={345--356},
  year={2006},
  publisher={Elsevier}
}

@article{bandeira2014saving,
  title={Saving phase: Injectivity and stability for phase retrieval},
  author={Bandeira, Afonso S. and Cahill, Jameson and Mixon, Dustin G. and Nelson, Aaron A.},
  journal={Applied and Computational Harmonic Analysis},
  volume={37},
  number={1},
  pages={106--125},
  year={2014},
  publisher={Elsevier}
}

@article{conca2015algebraic,
  title={An algebraic characterization of injectivity in phase retrieval},
  author={Conca, Aldo and Edidin, Dan and Hering, Milena and Vinzant, Cynthia},
  journal={Applied and Computational Harmonic Analysis},
  volume={38},
  number={2},
  pages={346--356},
  year={2015},
  publisher={Elsevier}
}