@string{STOC83 = {Proc. 15th } # STOC}
@string{STOC84 = {Proc. 16th } # STOC}
@string{STOC85 = {Proc. 17th } # STOC}
@string{STOC86 = {Proc. 18th } # STOC}
@string{STOC87 = {Proc. 19th } # STOC}
@string{STOC88 = {Proc. 20th } # STOC}
@string{STOC89 = {Proc. 21st } # STOC}
@string{STOC90 = {Proc. 22nd } # STOC}
@string{STOC91 = {Proc. 23rd } # STOC}
@string{STOC92 = {Proc. 24th } # STOC}
@string{STOC93 = {Proc. 25th } # STOC}
@string{STOC94 = {Proc. 26th } # STOC}
@string{STOC95 = {Proc. 27th } # STOC}
@string{STOC96 = {Proc. 28th } # STOC}
@string{STOC97 = {Proc. 29th } # STOC}
@string{STOC98 = {Proc. 30th } # STOC}
@string{STOC99 = {Proc. 31st } # STOC}
@string{STOC00 = {Proc. 32nd } # STOC}
@string{STOC01 = {Proc. 33rd } # STOC}
@string{STOC02 = {Proc. 34th } # STOC}
@string{STOC03 = {Proc. 35th } # STOC}
@string{STOC04 = {Proc. 35th } # STOC}
@string{STOC05 = {Proc. 36th } # STOC}
@string{STOC06 = {Proc. 37th } # STOC}
@string{STOC07 = {Proc. 38th } # STOC}
@string{STOC08 = {Proc. 39th } # STOC}
@string{STOC09 = {Proc. 40th } # STOC}
@string{STOC10 = {Proc. 41st } # STOC}
@string{STOC11 = {Proc. 42nd } # STOC}
@string{STOC12 = {Proc. 43rd } # STOC}
@string{STOC13 = {Proc. 44th } # STOC}
@string{STOC14 = {Proc. 45th } # STOC}
@string{STOC15 = {Proc. 46th } # STOC}
@string{STOC16 = {Proc. 47th } # STOC}
@string{STOC17 = {Proc. 48th } # STOC}
@string{STOC18 = {Proc. 49th } # STOC}

@string{FOCS90 = {Proc. 31st } # FOCS}
@string{FOCS91 = {Proc. 32nd } # FOCS}
@string{FOCS92 = {Proc. 33rd } # FOCS}
@string{FOCS93 = {Proc. 34th } # FOCS}
@string{FOCS94 = {Proc. 35th } # FOCS}
@string{FOCS95 = {Proc. 36th } # FOCS}
@string{FOCS96 = {Proc. 37th } # FOCS}
@string{FOCS97 = {Proc. 38th } # FOCS}
@string{FOCS98 = {Proc. 39th } # FOCS}
@string{FOCS99 = {Proc. 40th } # FOCS}
@string{FOCS00 = {Proc. 41st } # FOCS}
@string{FOCS01 = {Proc. 42nd } # FOCS}
@string{FOCS02 = {Proc. 43rd } # FOCS}
@string{FOCS03 = {Proc. 44th } # FOCS}
@string{FOCS04 = {Proc. 45th } # FOCS}
@string{FOCS05 = {Proc. 46th } # FOCS}
@string{FOCS06 = {Proc. 47th } # FOCS}
@string{FOCS07 = {Proc. 48th } # FOCS}
@string{FOCS08 = {Proc. 49th } # FOCS}
@string{FOCS09 = {Proc. 50th } # FOCS}
@string{FOCS10 = {Proc. 51st } # FOCS}
@string{FOCS11 = {Proc. 52nd } # FOCS}
@string{FOCS12 = {Proc. 53rd } # FOCS}
@string{FOCS13 = {Proc. 54th } # FOCS}
@string{FOCS14 = {Proc. 55th } # FOCS}
@string{FOCS15 = {Proc. 56th } # FOCS}
@string{FOCS16 = {Proc. 57th } # FOCS}
@string{FOCS17 = {Proc. 58th } # FOCS}

@string{SODA90 = {Proc. 1st } # SODA}
@string{SODA91 = {Proc. 2nd } # SODA}
@string{SODA92 = {Proc. 3rd } # SODA}
@string{SODA93 = {Proc. 4th } # SODA}
@string{SODA94 = {Proc. 5th } # SODA}
@string{SODA95 = {Proc. 6th } # SODA}
@string{SODA96 = {Proc. 7th } # SODA}
@string{SODA97 = {Proc. 8th } # SODA}
@string{SODA98 = {Proc. 9th } # SODA}
@string{SODA99 = {Proc. 10th } # SODA}
@string{SODA00 = {Proc. 11th } # SODA}
@string{SODA01 = {Proc. 12th } # SODA}
@string{SODA02 = {Proc. 13th } # SODA}
@string{SODA03 = {Proc. 14th } # SODA}
@string{SODA04 = {Proc. 15th } # SODA}
@string{SODA05 = {Proc. 16th } # SODA}
@string{SODA06 = {Proc. 17th } # SODA}
@string{SODA07 = {Proc. 18th } # SODA}
@string{SODA08 = {Proc. 19th } # SODA}
@string{SODA09 = {Proc. 20th } # SODA}
@string{SODA10 = {Proc. 21st } # SODA}
@string{SODA11 = {Proc. 22nd } # SODA}
@string{SODA12 = {Proc. 23rd } # SODA}
@string{SODA13 = {Proc. 24th } # SODA}
@string{SODA14 = {Proc. 25th } # SODA}
@string{SODA15 = {Proc. 26th } # SODA}
@string{SODA16 = {Proc. 27th } # SODA}
@string{SODA17 = {Proc. 28th } # SODA}
@string{SODA18 = {Proc. 29th } # SODA}

@string{STACS96 = {Proc. 14th } # STACS}
@string{STACS97 = {Proc. 15th } # STACS}
@string{STACS98 = {Proc. 16th } # STACS}
@string{STACS99 = {Proc. 17th } # STACS}
@string{STACS00 = {Proc. 18th } # STACS}
@string{STACS01 = {Proc. 19th } # STACS}
@string{STACS02 = {Proc. 20th } # STACS}
@string{STACS03 = {Proc. 21st } # STACS}
@string{STACS04 = {Proc. 22nd } # STACS}
@string{STACS05 = {Proc. 23rd } # STACS}
@string{STACS06 = {Proc. 24th } # STACS}
@string{STACS07 = {Proc. 25th } # STACS}
@string{STACS08 = {Proc. 26th } # STACS}
@string{STACS09 = {Proc. 27th } # STACS}
@string{STACS10 = {Proc. 28th } # STACS}
@string{STACS11 = {Proc. 29th } # STACS}
@string{STACS12 = {Proc. 30th } # STACS}
@string{STACS13 = {Proc. 31st } # STACS}
@string{STACS14 = {Proc. 32nd } # STACS}
@string{STACS15 = {Proc. 33rd } # STACS}
@string{STACS16 = {Proc. 34th } # STACS}

@string{ICALP98 = {Proc. 25th } # ICALP}
@string{ICALP99 = {Proc. 26th } # ICALP}
@string{ICALP00 = {Proc. 27th } # ICALP}
@string{ICALP01 = {Proc. 28th } # ICALP}
@string{ICALP02 = {Proc. 29th } # ICALP}
@string{ICALP03 = {Proc. 30th } # ICALP}
@string{ICALP04 = {Proc. 31st } # ICALP}
@string{ICALP05 = {Proc. 32nd } # ICALP}
@string{ICALP06 = {Proc. 33rd } # ICALP}
@string{ICALP07 = {Proc. 34th } # ICALP}
@string{ICALP08 = {Proc. 35th } # ICALP}
@string{ICALP09 = {Proc. 36th } # ICALP}
@string{ICALP10 = {Proc. 37th } # ICALP}
@string{ICALP11 = {Proc. 38th } # ICALP}
@string{ICALP12 = {Proc. 39th } # ICALP}
@string{ICALP13 = {Proc. 40th } # ICALP}
@string{ICALP14 = {Proc. 41st } # ICALP}
@string{ICALP15 = {Proc. 42nd } # ICALP}
@string{ICALP16 = {Proc. 43rd } # ICALP}
@string{ICALP17 = {Proc. 44th } # ICALP}

@string{ESA98 = {Proc. 6th } # ESA}
@string{ESA99 = {Proc. 7th } # ESA}
@string{ESA00 = {Proc. 8th } # ESA}
@string{ESA01 = {Proc. 9th } # ESA}
@string{ESA02 = {Proc. 10th } # ESA}
@string{ESA03 = {Proc. 11th } # ESA}
@string{ESA04 = {Proc. 12th } # ESA}
@string{ESA05 = {Proc. 13th } # ESA}
@string{ESA06 = {Proc. 14th } # ESA}
@string{ESA07 = {Proc. 15th } # ESA}
@string{ESA08 = {Proc. 16th } # ESA}
@string{ESA09 = {Proc. 17th } # ESA}
@string{ESA10 = {Proc. 18th } # ESA}
@string{ESA11 = {Proc. 19th } # ESA}
@string{ESA12 = {Proc. 20th } # ESA}
@string{ESA13 = {Proc. 21st } # ESA}
@string{ESA14 = {Proc. 22nd } # ESA}
@string{ESA15 = {Proc. 23rd } # ESA}
@string{ESA16 = {Proc. 24th } # ESA}
@string{ESA17 = {Proc. 25th } # ESA}

@string{APPROX98 = {Proc. 1st } # APPROX}
@string{APPROX99 = {Proc. 2nd } # APPROX}
@string{APPROX00 = {Proc. 3rd } # APPROX}
@string{APPROX01 = {Proc. 4th } # APPROX}
@string{APPROX02 = {Proc. 5th } # APPROX}
@string{APPROX03 = {Proc. 6th } # APPROX}
@string{APPROX04 = {Proc. 7th } # APPROX}
@string{APPROX05 = {Proc. 8th } # APPROX}
@string{APPROX06 = {Proc. 9th } # APPROX}
@string{APPROX07 = {Proc. 10th } # APPROX}
@string{APPROX08 = {Proc. 11th } # APPROX}
@string{APPROX09 = {Proc. 12th } # APPROX}
@string{APPROX10 = {Proc. 13th } # APPROX}
@string{APPROX11 = {Proc. 14th } # APPROX}
@string{APPROX12 = {Proc. 15th } # APPROX}
@string{APPROX13 = {Proc. 16th } # APPROX}
@string{APPROX14 = {Proc. 17th } # APPROX}
@string{APPROX15 = {Proc. 18th } # APPROX}
@string{APPROX16 = {Proc. 19th } # APPROX}

@string{RANDOM97 = {Proc. 1st } # RANDOM}
@string{RANDOM98 = {Proc. 2nd } # RANDOM}
@string{RANDOM99 = {Proc. 3rd } # RANDOM}
@string{RANDOM00 = {Proc. 4th } # RANDOM}
@string{RANDOM01 = {Proc. 5th } # RANDOM}
@string{RANDOM02 = {Proc. 6th } # RANDOM}
@string{RANDOM03 = {Proc. 7th } # RANDOM}
@string{RANDOM04 = {Proc. 8th } # RANDOM}
@string{RANDOM05 = {Proc. 9th } # RANDOM}
@string{RANDOM06 = {Proc. 10th } # RANDOM}
@string{RANDOM07 = {Proc. 11th } # RANDOM}
@string{RANDOM08 = {Proc. 12th } # RANDOM}
@string{RANDOM09 = {Proc. 13th } # RANDOM}
@string{RANDOM10 = {Proc. 14th } # RANDOM}
@string{RANDOM11 = {Proc. 15th } # RANDOM}
@string{RANDOM12 = {Proc. 16th } # RANDOM}
@string{RANDOM13 = {Proc. 17th } # RANDOM}
@string{RANDOM14 = {Proc. 18th } # RANDOM}
@string{RANDOM15 = {Proc. 19th } # RANDOM}
@string{RANDOM16 = {Proc. 20th } # RANDOM}
@string{RANDOM17 = {Proc. 21st } # RANDOM}
@string{RANDOM18 = {Proc. 22nd } # RANDOM}

@string{ISAAC04 = {Proc. 15th } # ISAAC}
@string{ISAAC05 = {Proc. 16th } # ISAAC}
@string{ISAAC06 = {Proc. 17th } # ISAAC}
@string{ISAAC07 = {Proc. 18th } # ISAAC}
@string{ISAAC08 = {Proc. 19th } # ISAAC}
@string{ISAAC09 = {Proc. 20th } # ISAAC}
@string{ISAAC10 = {Proc. 21st } # ISAAC}
@string{ISAAC11 = {Proc. 22nd } # ISAAC}
@string{ISAAC12 = {Proc. 23rd } # ISAAC}
@string{ISAAC13 = {Proc. 24th } # ISAAC}
@string{ISAAC14 = {Proc. 25th } # ISAAC}
@string{ISAAC15 = {Proc. 26th } # ISAAC}
@string{ISAAC16 = {Proc. 27th } # ISAAC}
@string{ISAAC17 = {Proc. 28th } # ISAAC}

@string{SPAA89 = {Proc. 1st } # SPAA}
@string{SPAA90 = {Proc. 2nd } # SPAA}
@string{SPAA91 = {Proc. 3rd } # SPAA}
@string{SPAA92 = {Proc. 4th } # SPAA}
@string{SPAA93 = {Proc. 5th } # SPAA}
@string{SPAA94 = {Proc. 6th } # SPAA}
@string{SPAA95 = {Proc. 7th } # SPAA}
@string{SPAA96 = {Proc. 8th } # SPAA}
@string{SPAA97 = {Proc. 9th } # SPAA}
@string{SPAA98 = {Proc. 10th } # SPAA}
@string{SPAA99 = {Proc. 11th } # SPAA}
@string{SPAA00 = {Proc. 12th } # SPAA}
@string{SPAA01 = {Proc. 13th } # SPAA}
@string{SPAA02 = {Proc. 14th } # SPAA}
@string{SPAA03 = {Proc. 15th } # SPAA}
@string{SPAA04 = {Proc. 16th } # SPAA}
@string{SPAA05 = {Proc. 17th } # SPAA}
@string{SPAA06 = {Proc. 18th } # SPAA}
@string{SPAA06 = {Proc. 19th } # SPAA}
@string{SPAA07 = {Proc. 20th } # SPAA}
@string{SPAA08 = {Proc. 21st } # SPAA}
@string{SPAA09 = {Proc. 22nd } # SPAA}
@string{SPAA10 = {Proc. 23rd } # SPAA}
@string{SPAA11 = {Proc. 24th } # SPAA}
@string{SPAA12 = {Proc. 25th } # SPAA}
@string{SPAA13 = {Proc. 26th } # SPAA}
@string{SPAA14 = {Proc. 27th } # SPAA}
@string{SPAA15 = {Proc. 28th } # SPAA}
@string{SPAA16 = {Proc. 29th } # SPAA}
@string{SPAA17 = {Proc. 30th } # SPAA}

@string{ECOM99 = {Proc. 1st } # ECOM}
@string{ECOM00 = {Proc. 2nd } # ECOM}
@string{ECOM01 = {Proc. 3rd } # ECOM}
@string{ECOM02 = {Proc. 4th } # ECOM}
@string{ECOM03 = {Proc. 5th } # ECOM}
@string{ECOM04 = {Proc. 6th } # ECOM}
@string{ECOM05 = {Proc. 7th } # ECOM}
@string{ECOM06 = {Proc. 8th } # ECOM}
@string{ECOM07 = {Proc. 9th } # ECOM}
@string{ECOM08 = {Proc. 10th } # ECOM}
@string{ECOM09 = {Proc. 11th } # ECOM}
@string{ECOM10 = {Proc. 12th } # ECOM}
@string{ECOM11 = {Proc. 13th } # ECOM}
@string{ECOM12 = {Proc. 14th } # ECOM}
@string{ECOM13 = {Proc. 15th } # ECOM}
@string{ECOM14 = {Proc. 16th } # EC}
@string{ECOM15 = {Proc. 17th } # EC}
@string{ECOM16 = {Proc. 18th } # EC}
@string{ECOM17 = {Proc. 19th } # EC}
@string{ECOM18 = {Proc. 20th } # EC}

@string{WINE05 = {Proc. 1st } # WWINE}
@string{WINE06 = {Proc. 2nd } # WWINE}
@string{WINE07 = {Proc. 3rd } # WWINE}
@string{WINE08 = {Proc. 4th } # WWINE}
@string{WINE09 = {Proc. 5th } # WWINE}
@string{WINE10 = {Proc. 6th } # WWINE}
@string{WINE11 = {Proc. 7th } # WWINE}
@string{WINE12 = {Proc. 8th } # WWINE}
@string{WINE13 = {Proc. 9th } # WINE}
@string{WINE14 = {Proc. 10th } # WINE}
@string{WINE15 = {Proc. 11th } # WINE}
@string{WINE16 = {Proc. 12th } # WINE}
@string{WINE17 = {Proc. 13th } # WINE}
@string{WINE18 = {Proc. 14th } # WINE}

@string{LATIN06 = {Proc. 7th } # LATIN}

@string{SOSP87 = {Proc. 7th } # SOSP}

@string{PODS82 = {Proc. 1st } # PODS}
@string{PODS83 = {Proc. 2nd } # PODS}
@string{PODS84 = {Proc. 3rd } # PODS}
@string{PODS85 = {Proc. 4th } # PODS}
@string{PODS86 = {Proc. 5th } # PODS}
@string{PODS87 = {Proc. 6th } # PODS}
@string{PODS88 = {Proc. 7th } # PODS}
@string{PODS89 = {Proc. 8th } # PODS}
@string{PODS90 = {Proc. 9th } # PODS}
@string{PODS91 = {Proc. 10th } # PODS}
@string{PODS92 = {Proc. 11th } # PODS}
@string{PODS93 = {Proc. 12th } # PODS}
@string{PODS94 = {Proc. 13th } # PODS}
@string{PODS95 = {Proc. 14th } # PODS}
@string{PODS96 = {Proc. 15th } # PODS}
@string{PODS97 = {Proc. 16th } # PODS}
@string{PODS98 = {Proc. 17th } # PODS}
@string{PODS99 = {Proc. 18th } # PODS}
@string{PODS00 = {Proc. 19th } # PODS}
@string{PODS01 = {Proc. 20th } # PODS}
@string{PODS02 = {Proc. 21st } # PODS}
@string{PODS03 = {Proc. 22nd } # PODS}
@string{PODS04 = {Proc. 23rd } # PODS}
@string{PODS05 = {Proc. 24th } # PODS}
@string{PODS06 = {Proc. 25th } # PODS}
@string{PODS07 = {Proc. 26th } # PODS}
@string{PODS08 = {Proc. 27th } # PODS}
@string{PODS09 = {Proc. 28th } # PODS}
@string{PODS10 = {Proc. 29th } # PODS}
@string{PODS11 = {Proc. 30th } # PODS}
@string{PODS12 = {Proc. 30st } # PODS}

@string{PODC82 = {Proc. 1st } # PODC}
@string{PODC83 = {Proc. 2nd } # PODC}
@string{PODC84 = {Proc. 3rd } # PODC}
@string{PODC85 = {Proc. 4th } # PODC}
@string{PODC86 = {Proc. 5th } # PODC}
@string{PODC87 = {Proc. 6th } # PODC}
@string{PODC88 = {Proc. 7th } # PODC}
@string{PODC89 = {Proc. 8th } # PODC}
@string{PODC90 = {Proc. 9th } # PODC}
@string{PODC91 = {Proc. 10th } # PODC}
@string{PODC92 = {Proc. 11th } # PODC}
@string{PODC93 = {Proc. 12th } # PODC}
@string{PODC94 = {Proc. 13th } # PODC}
@string{PODC95 = {Proc. 14th } # PODC}
@string{PODC96 = {Proc. 15th } # PODC}
@string{PODC97 = {Proc. 16th } # PODC}
@string{PODC98 = {Proc. 17th } # PODC}
@string{PODC99 = {Proc. 18th } # PODC}
@string{PODC00 = {Proc. 19th } # PODC}
@string{PODC01 = {Proc. 20th } # PODC}
@string{PODC02 = {Proc. 21st } # PODC}
@string{PODC03 = {Proc. 22nd } # PODC}
@string{PODC04 = {Proc. 23rd } # PODC}
@string{PODC05 = {Proc. 24th } # PODC}
@string{PODC06 = {Proc. 25th } # PODC}
@string{PODC07 = {Proc. 26th } # PODC}
@string{PODC08 = {Proc. 27th } # PODC}
@string{PODC09 = {Proc. 28th } # PODC}
@string{PODC10 = {Proc. 29th } # PODC}
@string{PODC11 = {Proc. 30th } # PODC}
@string{PODC12 = {Proc. 31st } # PODC}

@string{NIPS01 = {Proc. 13th } # NIPS}
@string{NIPS02 = {Proc. 14th } # NIPS}
@string{NIPS03 = {Proc. 15th } # NIPS}
@string{NIPS04 = {Proc. 16th } # NIPS}
@string{NIPS05 = {Proc. 17th } # NIPS}
@string{NIPS06 = {Proc. 18th } # NIPS}
@string{NIPS07 = {Proc. 19th } # NIPS}
@string{NIPS08 = {Proc. 20th } # NIPS}
@string{NIPS09 = {Proc. 21st } # NIPS}
@string{NIPS10 = {Proc. 22nd } # NIPS}
@string{NIPS11 = {Proc. 23rd } # NIPS}
@string{NIPS12 = {Proc. 24th } # NIPS}
@string{NIPS13 = {Proc. 25th } # NIPS}
@string{NIPS14 = {Proc. 26th } # NIPS}
@string{NIPS15 = {Proc. 27th } # NIPS}
@string{NIPS16 = {Proc. 28th } # NIPS}
@string{NIPS17 = {Proc. 29th } # NIPS}

@string{IJCAI01 = {Proc. 16th } # IJCAI}
@string{IJCAI02 = {Proc. 17th } # IJCAI}
@string{IJCAI03 = {Proc. 18th } # IJCAI}
@string{IJCAI04 = {Proc. 19th } # IJCAI}
@string{IJCAI05 = {Proc. 20th } # IJCAI}
@string{IJCAI06 = {Proc. 21st } # IJCAI}
@string{IJCAI07 = {Proc. 22nd } # IJCAI}
@string{IJCAI08 = {Proc. 23rd } # IJCAI}
@string{IJCAI09 = {Proc. 24th } # IJCAI}
@string{IJCAI10 = {Proc. 25th } # IJCAI}
@string{IJCAI11 = {Proc. 26th } # IJCAI}
@string{IJCAI12 = {Proc. 27th } # IJCAI}
@string{IJCAI13 = {Proc. 28th } # IJCAI}
@string{IJCAI14 = {Proc. 29th } # IJCAI}
@string{IJCAI15 = {Proc. 30th } # IJCAI}
@string{IJCAI16 = {Proc. 31st } # IJCAI}
@string{IJCAI17 = {Proc. 32nd } # IJCAI}

@string{UAI02 = {Proc. 18th } # UAI}

@string{AAAI07 = {Proc. 22nd } # AAAI}
@string{AAAI08 = {Proc. 23rd } # AAAI}
@string{AAAI09 = {Proc. 24th } # AAAI}
@string{AAAI10 = {Proc. 25th } # AAAI}
@string{AAAI11 = {Proc. 26th } # AAAI}
@string{AAAI12 = {Proc. 27th } # AAAI}
@string{AAAI13 = {Proc. 28th } # AAAI}
@string{AAAI14 = {Proc. 29th } # AAAI}
@string{AAAI15 = {Proc. 30th } # AAAI}
@string{AAAI16 = {Proc. 31st } # AAAI}
@string{AAAI17 = {Proc. 32nd } # AAAI}

@string{AAMAS02 = {Proc. 1st} # AAMAS}
@string{AAMAS03 = {Proc. 2nd} # AAMAS}
@string{AAMAS04 = {Proc. 3rd} # AAMAS}
@string{AAMAS05 = {Proc. 4th} # AAMAS}
@string{AAMAS06 = {Proc. 5th} # AAMAS}
@string{AAMAS07 = {Proc. 6th} # AAMAS}
@string{AAMAS08 = {Proc. 7th} # AAMAS}
@string{AAMAS09 = {Proc. 8th} # AAMAS}
@string{AAMAS10 = {Proc. 9th} # AAMAS}

@string{KDD01 = {Proc. 7th } # KDD}
@string{KDD02 = {Proc. 8th } # KDD}
@string{KDD03 = {Proc. 9th } # KDD}
@string{KDD04 = {Proc. 10th } # KDD}
@string{KDD05 = {Proc. 11th } # KDD}
@string{KDD06 = {Proc. 12th } # KDD}
@string{KDD07 = {Proc. 13th } # KDD}
@string{KDD08 = {Proc. 14th } # KDD}
@string{KDD09 = {Proc. 15th } # KDD}
@string{KDD10 = {Proc. 16th } # KDD}
@string{KDD11 = {Proc. 17th } # KDD}
@string{KDD12 = {Proc. 18th } # KDD}
@string{KDD13 = {Proc. 19th } # KDD}
@string{KDD14 = {Proc. 20th } # KDD}

@string{ICML98 = {Proc. 15th } # ICML}
@string{ICML99 = {Proc. 16th } # ICML}
@string{ICML00 = {Proc. 17th } # ICML}
@string{ICML01 = {Proc. 18th } # ICML}
@string{ICML02 = {Proc. 19th } # ICML}
@string{ICML03 = {Proc. 20th } # ICML}
@string{ICML04 = {Proc. 21st } # ICML}
@string{ICML05 = {Proc. 22nd } # ICML}
@string{ICML06 = {Proc. 23rd } # ICML}
@string{ICML07 = {Proc. 24th } # ICML}
@string{ICML08 = {Proc. 25th } # ICML}
@string{ICML09 = {Proc. 26th } # ICML}
@string{ICML10 = {Proc. 27th } # ICML}
@string{ICML11 = {Proc. 28th } # ICML}
@string{ICML12 = {Proc. 29th } # ICML}
@string{ICML13 = {Proc. 30th } # ICML}
@string{ICML14 = {Proc. 31st } # ICML}
@string{ICML15 = {Proc. 32nd } # ICML}
@string{ICML16 = {Proc. 33rd } # ICML}
@string{ICML17 = {Proc. 34th } # ICML}
@string{ICML18 = {Proc. 35th } # ICML}

@string{COLT98 = {Proc. 11th } # COLT}
@string{COLT99 = {Proc. 12th } # COLT}
@string{COLT00 = {Proc. 13th } # COLT}
@string{COLT01 = {Proc. 14th } # COLT}
@string{COLT02 = {Proc. 15th } # COLT}
@string{COLT03 = {Proc. 16th } # COLT}
@string{COLT04 = {Proc. 17th } # COLT}
@string{COLT05 = {Proc. 18th } # COLT}
@string{COLT06 = {Proc. 19th } # COLT}
@string{COLT07 = {Proc. 20th } # COLT}
@string{COLT08 = {Proc. 21st } # COLT}
@string{COLT09 = {Proc. 22nd } # COLT}
@string{COLT10 = {Proc. 23rd } # COLT}
@string{COLT11 = {Proc. 24th } # COLT}
@string{COLT12 = {Proc. 25th } # COLT}
@string{COLT13 = {Proc. 26th } # COLT}
@string{COLT14 = {Proc. 27th } # COLT}
@string{COLT15 = {Proc. 28th } # COLT}
@string{COLT16 = {Proc. 29th } # COLT}

@string{AAIM07 = {Proc. 3rd } # AAIM}

@string{WWW92 = {1st } # WWW}
@string{WWW93 = {2nd } # WWW}
@string{WWW94 = {3rd } # WWW}
@string{WWW95 = {4th } # WWW}
@string{WWW96 = {5th } # WWW}
@string{WWW97 = {6th } # WWW}
@string{WWW98 = {7th } # WWW}
@string{WWW99 = {8th } # WWW}
@string{WWW00 = {9th } # WWW}
@string{WWW01 = {10th } # WWW}
@string{WWW02 = {11th } # WWW}
@string{WWW03 = {12th } # WWW}
@string{WWW04 = {13th } # WWW}
@string{WWW05 = {14th } # WWW}
@string{WWW06 = {15th } # WWW}
@string{WWW07 = {16th } # WWW}
@string{WWW08 = {17th } # WWW}
@string{WWW09 = {18th } # WWW}
@string{WWW10 = {19th } # WWW}
@string{WWW11 = {20th } # WWW}
@string{WWW12 = {21st } # WWW}
@string{WWW13 = {22nd } # WWW}
@string{WWW14 = {23rd } # WWW}
@string{WWW15 = {24th } # WWW}
@string{WWW16 = {25th } # WWW}

@string{SIGMETRIC98 = {Proc. } # SIGMETRIC}

@string{CIDR03 = {Proc. 1st } # CIDR}

@string{SIGIR98 = {Proc. 21st } # SIGIR}
@string{SIGIR99 = {Proc. 22nd } # SIGIR}
@string{SIGIR00 = {Proc. 23rd } # SIGIR}
@string{SIGIR01 = {Proc. 24th } # SIGIR}
@string{SIGIR02 = {Proc. 25th } # SIGIR}

@string{SIGMOD91 = {Proc. 11th } # SIGMOD}
@string{SIGMOD92 = {Proc. 12th } # SIGMOD}
@string{SIGMOD93 = {Proc. 13th } # SIGMOD}
@string{SIGMOD94 = {Proc. 14th } # SIGMOD}
@string{SIGMOD95 = {Proc. 15th } # SIGMOD}
@string{SIGMOD96 = {Proc. 16th } # SIGMOD}
@string{SIGMOD97 = {Proc. 17th } # SIGMOD}
@string{SIGMOD98 = {Proc. 18th } # SIGMOD}
@string{SIGMOD99 = {Proc. 19th } # SIGMOD}
@string{SIGMOD00 = {Proc. 20th } # SIGMOD}
@string{SIGMOD01 = {Proc. 21st } # SIGMOD}
@string{SIGMOD02 = {Proc. 22nd } # SIGMOD}

@string{SIGCOMM92 = {Proc. 11th } # SIGCOMM}
@string{SIGCOMM93 = {Proc. 12th } # SIGCOMM}
@string{SIGCOMM94 = {Proc. 13th } # SIGCOMM}
@string{SIGCOMM95 = {Proc. 14th } # SIGCOMM}
@string{SIGCOMM96 = {Proc. 15th } # SIGCOMM}
@string{SIGCOMM97 = {Proc. 16th } # SIGCOMM}
@string{SIGCOMM98 = {Proc. 17th } # SIGCOMM}
@string{SIGCOMM99 = {Proc. 18th } # SIGCOMM}
@string{SIGCOMM00 = {Proc. 19th } # SIGCOMM}
@string{SIGCOMM01 = {Proc. 20th } # SIGCOMM}
@string{SIGCOMM02 = {Proc. 21st } # SIGCOMM}
@string{SIGCOMM03 = {Proc. 22nd } # SIGCOMM}
@string{SIGCOMM04 = {Proc. 23rd } # SIGCOMM}
@string{SIGCOMM05 = {Proc. 24th } # SIGCOMM}

@string{INFOCOM95 = {Proc. 14th } # INFOCOM}
@string{INFOCOM96 = {Proc. 15th } # INFOCOM}
@string{INFOCOM97 = {Proc. 16th } # INFOCOM}
@string{INFOCOM98 = {Proc. 17th } # INFOCOM}
@string{INFOCOM99 = {Proc. 18th } # INFOCOM}
@string{INFOCOM00 = {Proc. 19th } # INFOCOM}
@string{INFOCOM01 = {Proc. 20th } # INFOCOM}
@string{INFOCOM02 = {Proc. 21st } # INFOCOM}
@string{INFOCOM03 = {Proc. 22nd } # INFOCOM}
@string{INFOCOM04 = {Proc. 23rd } # INFOCOM}
@string{INFOCOM05 = {Proc. 24th } # INFOCOM}
@string{INFOCOM06 = {Proc. 25th } # INFOCOM}
@string{INFOCOM07 = {Proc. 26th } # INFOCOM}
@string{INFOCOM08 = {Proc. 27th } # INFOCOM}
@string{INFOCOM10 = {Proc. 28th } # INFOCOM}
@string{INFOCOM11 = {Proc. 29th } # INFOCOM}
@string{INFOCOM12 = {Proc. 30th } # INFOCOM}
@string{INFOCOM13 = {Proc. 31st } # INFOCOM}
@string{INFOCOM14 = {Proc. 32nd } # INFOCOM}
@string{INFOCOM15 = {Proc. 33rd } # INFOCOM}
@string{INFOCOM16 = {Proc. 34th } # INFOCOM}

@string{ICDM01   = {Proc. 1st } # ICDM}
@string{ICDM02   = {Proc. 2nd } # ICDM}
@string{ICDM03   = {Proc. 3rd } # ICDM}
@string{ICDM04   = {Proc. 4th } # ICDM}
@string{ICDM05   = {Proc. 5th } # ICDM}
@string{ICDM06   = {Proc. 6th } # ICDM}
@string{ICDM07   = {Proc. 7th } # ICDM}
@string{ICDM08   = {Proc. 8th } # ICDM}
@string{ICDM09   = {Proc. 9th } # ICDM}
@string{ICDM10   = {Proc. 10th } # ICDM}
@string{ICDM11   = {Proc. 11th } # ICDM}
@string{ICDM12   = {Proc. 12th } # ICDM}
@string{ICDM13   = {Proc. 13th } # ICDM}

@string{SDM01   = {Proc. 1st } # SDM}
@string{SDM02   = {Proc. 2nd } # SDM}
@string{SDM03   = {Proc. 3rd } # SDM}
@string{SDM04   = {Proc. 4th } # SDM}
@string{SDM05   = {Proc. 5th } # SDM}
@string{SDM06   = {Proc. 6th } # SDM}
@string{SDM07   = {Proc. 7th } # SDM}
@string{SDM08   = {Proc. 8th } # SDM}
@string{SDM09   = {Proc. 9th } # SDM}
@string{SDM10   = {Proc. 10th } # SDM}
@string{SDM11   = {Proc. 11th } # SDM}
@string{SDM12   = {Proc. 12th } # SDM}
@string{SDM13   = {Proc. 13th } # SDM}
@string{SDM14   = {Proc. 14th } # SDM}
@string{SDM15   = {Proc. 15th } # SDM}
@string{SDM16   = {Proc. 16th } # SDM}

@string{ICDE02   = {Proc. 18th } # ICDE}
@string{ICDE03   = {Proc. 19th } # ICDE}
@string{ICDE04   = {Proc. 20th } # ICDE}
@string{ICDE05   = {Proc. 21st } # ICDE}

@string{WSDM08   = {Proc. 1st } # WSDM}
@string{WSDM09   = {Proc. 2nd } # WSDM}
@string{WSDM10   = {Proc. 3rd } # WSDM}
@string{WSDM11   = {Proc. 4th } # WSDM}
@string{WSDM12   = {Proc. 5th } # WSDM}

@string{VLDB85 = {Proc. 11th } # VLDB}
@string{VLDB86 = {Proc. 12th } # VLDB}
@string{VLDB87 = {Proc. 13th } # VLDB}
@string{VLDB88 = {Proc. 14th } # VLDB}
@string{VLDB89 = {Proc. 15th } # VLDB}
@string{VLDB90 = {Proc. 16th } # VLDB}
@string{VLDB91 = {Proc. 17th } # VLDB}
@string{VLDB92 = {Proc. 18th } # VLDB}
@string{VLDB93 = {Proc. 19th } # VLDB}
@string{VLDB94 = {Proc. 20th } # VLDB}
@string{VLDB95 = {Proc. 21st } # VLDB}
@string{VLDB96 = {Proc. 22nd } # VLDB}
@string{VLDB97 = {Proc. 23rd } # VLDB}
@string{VLDB98 = {Proc. 24th } # VLDB}
@string{VLDB99 = {Proc. 25th } # VLDB}
@string{VLDB00 = {Proc. 26th } # VLDB}
@string{VLDB01 = {Proc. 27th } # VLDB}
@string{VLDB02 = {Proc. 28th } # VLDB}
@string{VLDB03 = {Proc. 29th } # VLDB}
@string{VLDB04 = {Proc. 30th } # VLDB}

@string{MOBIHOC00 = {Proc. 1st } # MOBIHOC}
@string{MOBIHOC01 = {Proc. 2nd } # MOBIHOC}
@string{MOBIHOC02 = {Proc. 3rd } # MOBIHOC}
@string{MOBIHOC03 = {Proc. 4th } # MOBIHOC}
@string{MOBIHOC04 = {Proc. 5th } # MOBIHOC}
@string{MOBIHOC05 = {Proc. 6th } # MOBIHOC}
@string{MOBIHOC06 = {Proc. 7th } # MOBIHOC}
@string{MOBIHOC07 = {Proc. 8th } # MOBIHOC}

@string{IPSN02 = {Proc. 1st } # IPSN}
@string{IPSN03 = {Proc. 2nd } # IPSN}
@string{IPSN04 = {Proc. 3rd } # IPSN}
@string{IPSN05 = {Proc. 4th } # IPSN}
@string{IPSN06 = {Proc. 5th } # IPSN}
@string{IPSN07 = {Proc. 6th } # IPSN}
@string{IPSN08 = {Proc. 7th } # IPSN}
@string{IPSN09 = {Proc. 8th } # IPSN}
@string{IPSN10 = {Proc. 9th } # IPSN}
@string{IPSN11 = {Proc. 10th } # IPSN}

@string{DCOSS05 = {Proc. 1st } # DCOSS}
@string{DCOSS06 = {Proc. 2nd } # DCOSS}
@string{DCOSS07 = {Proc. 3rd } # DCOSS}

@string{ICMC99 = {Proc. 5th } # ICMC}
@string{HICSS00 = {Proc. 33rd } # HICSS}
@string{IFIP96 = {Proc. } # IFIP}
@string{SENSYS04 = {Proc. } # SENSYS}
