@string{STOC = {ACM Symp. on Theory of Computing}}
@string{FOCS = {IEEE Symp. on Foundations of Computer Science}}
@string{SODA = {ACM-SIAM Symp. on Discrete Algorithms}}
@string{STACS = {Annual Symp. on Theoretical Aspects of Computer Science}}
@string{ESA = {European Symp. on Algorithms}}
@string{ICALP = {Intl. Colloq. on Automata, Languages and Programming}}
@string{APPROX = {Intl. Workshop on Approximation Algorithms for Combinatorial Optimization Problems}}
@string{RANDOM = {Intl. Workshop on Randomization and Computation}}
@string{LATIN = {Latin American Theoretical Informatics Symposium}}
@string{ISAAC = {Intl. Symp. on Algorithms and Computation}}
@string{SPAA = {ACM Symp. on Parallel Algorithms and Architectures}}
@string{PODC = {ACM Symp. on Principles of Distributed Computing}}

@string{ECOM = {ACM Conf. on Electronic Commerce}}
@string{EC = {ACM Conf. on Economics and Computation}}
@string{WWINE = {Workshop on Internet and Network Economics (WINE)}}
@string{WINE = {Conference on Web and Internet Economics (WINE)}}

@string{SOSP = {ACM Symp. on Operating Systems Principles}}
@string{SIGMETRIC = {ACM Sigmetrics Conf. on Measurement and Modeling
of Computer Systems}}
@string{SIGCOMM = {ACM SIGCOMM Conference}}
@string{INFOCOM = {IEEE INFOCOM Conference}}
@string{MOBIHOC = {ACM Symp. on Mobile Ad Hoc Networking and Computing}}
@string{SENSYS = {ACM SenSys}}
@string{IPSN = {Intl. Symp. on Information Processing in Sensor Networks}}
@string{DCOSS = {Intl. Conf. on Distributed Computing in Sensor Systems}}
@string{ICMC = {Intl. Conf. on Mobile Computing and Networking}}
@string{PINS04 = {Proc.~ACM SIGCOMM'04 Workshop on Practice and Theory of Incentives in Networked Systems (PINS)}}

@string{PODS = {ACM Symp. on Principles of Database Systems}}
@string{CIDR = {Biennial Conf. on Innovative Data Systems Research (CIDR)}}
@string{SIGMOD = {{ACM SIGMOD} Intl. Conference on Management of Data}}
@string{ICDM   = {Intl. Conf. on Data Mining}}
@string{SDM   = {SIAM Intl. Conf. on Data Mining}}
@string{WSDM   = {ACM Intl. Conf. on Web Search and Data Mining}}
@string{ICDE   = {Intl. Conf. on Data Engineering}}
@string{VLDB = {Intl. Conf. on Very Large Data Bases}}

@string{NIPS = {Advances in Neural Information Processing Systems}}
@string{KDD = {Intl. Conf. on Knowledge Discovery and Data Mining}}
@string{COLT = {Conference on Learning Theory}}
@string{ICML = {Intl. Conf. on Machine Learning}}
@string{AAIM = {Intl. Conf. on Algorithmic Aspects in Information and Management}}
@string{IJCAI = {Intl. Joint Conf. on Artificial Intelligence}}
@string{AAAI = {AAAI Conf. on Artificial Intelligence}}
@string{UAI = {Conf. on Uncertainty in Artificial Intelligence}}
@string{AAMAS = {Intl. Conf. on Autonomous Agents and Multiagent Systems}}
@string{SIGIR = {Intl. Conf. on Research and Development in Information Retrieval (SIGIR)}}

@string{WWW = {Intl. World Wide Web Conference}}

@string{HICSS = {Hawaii Intl. Conf. on System Sciences}}
@string{IFIP = {IFIP}}




@string{JACM = {Journal of the ACM}}
@string{JCSS = {Journal of Computer and System Sciences}}
@string{SIAMJC = {SIAM Journal on Computing}}
@string{TCS = {Theoretical Computer Science}}
@string{JALG = {Journal of Algorithms}}
@string{TALG = {ACM Transactions on Algorithms}}
@string{TOC = {Theory of Computing}}
@string{IPL = {Information Processing Letters}}

@string{SIAMJDM = {SIAM Journal on Discrete Mathematics}}
@string{DAM = {Discrete Applied Mathematics}}
@string{DM = {Discrete Mathematics}}
@string{RSA = {Random Structures and Algorithms}}
@string{TAMS = {Transactions of the American Mathematical Society}}

@string{MOR = {Mathematics of Operations Research}}
@string{OR = {Operations Research}}

@string{JRSS = {Journal of the Royal Statistical Society}}
@string{JRSSB = {Journal of the Royal Statistical Society, Series B}}

@string{AER = {American Economic Review}}
@string{GEB = {Games and Economic Behavior}}
@string{JET = {Journal of Economic Theory}}
@string{RAND = {The {RAND} Journal of Economics}}

@string{CACM = {Communications of the ACM}}

@string{TOCS = {ACM Transactions on Computer Systems}}
@string{TOSN = {ACM Transactions on Sensor Networks}}
@string{TOIT = {IEEE Transactions on Information Theory}}
@string{JMLR = {Journal of Machine Learning Research}}

@string{AJS = {American Journal of Sociology}}

@string{PNAS = {Proc. Natl. Acad. Sci. USA}}
@string{PREVA = {Physical Review A}}
@string{PREVB = {Physical Review B}}
@string{PREVC = {Physical Review C}}
@string{PREVD = {Physical Review D}}
@string{PREVE = {Physical Review E}}
@string{EPJB = {Europ. Physics Journal B}}
@string{PRL = {Physical Review Letters}}




@string{LNCS = {Lecture Notes in Computer Science}}
@string{Springer = {Springer}}
@string{ACM = {ACM Press}}
@string{Elsevier = {Elsevier Science Publishers B. V.}}
@string{Wiley = {Wiley}}
@string{MITPress = {MIT Press}}
