@article{blum1995coloring,
  title={Coloring random and semi-random $k$-colorable graphs},
  author={Blum, Avrim and Spencer, Joel},
  journal={Journal of Algorithms},
  volume={19},
  number={2},
  pages={204--234},
  year={1995},
  publisher={Elsevier}
}

@article{feige2000finding,
  title={Finding and certifying a large hidden clique in a semirandom graph},
  author={Feige, Uriel and Krauthgamer, Robert},
  journal={Random Structures and Algorithms},
  volume={16},
  number={2},
  pages={195--208},
  year={2000}
}

@article{feige2001heuristics,
  title={Heuristics for semirandom graph problems},
  author={Feige, Uriel and Kilian, Joe},
  journal={Journal of Computer and System Sciences},
  volume={63},
  number={4},
  pages={639--671},
  year={2001},
  publisher={Elsevier}
}

@inproceedings{kolla2011play,
  title={How to play unique games against a semi-random adversary: Study of semi-random models of unique games},
  author={Kolla, Alexandra and Makarychev, Konstantin and Makarychev, Yury},
  booktitle={Foundations of Computer Science (FOCS), 2011 IEEE 52nd Annual Symposium on},
  pages={443--452},
  year={2011},
  organization={IEEE}
}

@inproceedings{makarychev2012approximation,
  title={Approximation algorithms for semi-random partitioning problems},
  author={Makarychev, Konstantin and Makarychev, Yury and Vijayaraghavan, Aravindan},
  booktitle=STOC12,
  pages={367--384},
  year={2012},
  organization={ACM}
}

@inproceedings{mathieu2010correlation,
  title={Correlation clustering with noisy input},
  author={Mathieu, Claire and Schudy, Warren},
  booktitle=SODA10,
  pages={712--728},
  year={2010},
  OPTorganization={SIAM}
}

@inproceedings{makarychev2015correlation,
  title={Correlation clustering with noisy partial information},
  author={Makarychev, Konstantin and Makarychev, Yury and Vijayaraghavan, Aravindan},
  booktitle=COLT15,
  pages={1321--1342},
  year={2015}
}

@inproceedings{perry2017semidefinite,
  title={A semidefinite program for unbalanced multisection in the stochastic block model},
  author={Perry, Amelia and Wein, Alexander S},
  booktitle={International Conference on Sampling Theory and Applications (SampTA)},
  pages={64--67},
  year={2017},
  organization={IEEE}
}

@inproceedings{moitra2016robust,
  title={How robust are reconstruction thresholds for community detection?},
  author={Moitra, Ankur and Perry, William and Wein, Alexander S},
  booktitle=STOC16,
  pages={828--841},
  year={2016},
  OPTorganization={ACM}
}

@article{Jerrum92,
  author    = {Mark Jerrum},
  title     = {Large Cliques Elude the Metropolis Process},
  journal   = {Random Struct. Algorithms},
  volume    = {3},
  number    = {4},
  pages     = {347--360},
  year      = {1992},
  OPTurl    = {https://doi.org/10.1002/rsa.3240030402}
}

@article{Kucera95,
  author    = {Ludek Kucera},
  title     = {Expected Complexity of Graph Partitioning Problems},
  journal   = {Discrete Applied Mathematics},
  volume    = {57},
  number    = {2-3},
  pages     = {193--212},
  year      = {1995},
  OPTurl    = {https://doi.org/10.1016/0166-218X(94)00103-K}
}