@inproceedings{AllenLO16,
  author    = {Zeyuan {Allen Zhu} and
               Yin Tat Lee and
               Lorenzo Orecchia},
  title     = {Using Optimization to Obtain a Width-Independent, Parallel, Simpler,
               and Faster Positive {SDP} Solver},
  booktitle = SODA16,
  pages     = {1824--1831},
  year      = {2016},
}

@inproceedings{LeeS17,
  author    = {Yin Tat Lee and
               He Sun},
  title     = {An {SDP}-based algorithm for linear-sized spectral sparsification},
  booktitle = STOC17,
  pages     = {678--687},
  year      = {2017},
}

@article{BatsonSS12,
  author    = {Joshua D. Batson and
               Daniel A. Spielman and
               Nikhil Srivastava},
  title     = {Twice-{Ramanujan} Sparsifiers},
  journal   = SIAMJC,
  volume    = {41},
  number    = {6},
  pages     = {1704--1721},
  year      = {2012},
}

@inproceedings{LeeS15,
  author    = {Yin Tat Lee and
               He Sun},
  title     = {Constructing Linear-Sized Spectral Sparsification in Almost-Linear
               Time},
  booktitle = FOCS15,
  pages     = {250--269},
  year      = {2015},
}

@inproceedings{AllenLO15,
  author    = {Zeyuan {Allen Zhu} and
               Zhenyu Liao and
               Lorenzo Orecchia},
  title     = {Spectral Sparsification and Regret Minimization Beyond Matrix Multiplicative
               Updates},
  booktitle = STOC15,
  pages     = {237--245},
  year      = {2015},
}

@inproceedings{JainY11,
  author    = {Rahul Jain and
               Penghui Yao},
  title     = {A Parallel Approximation Algorithm for Positive Semidefinite Programming},
  booktitle = FOCS11,
  pages     = {463--471},
  year      = {2011},
}

@article{PengTZ16,
  author    = {Richard Peng and
               Kanat Tangwongsan and
               Peng Zhang},
  title     = {Faster and Simpler Width-Independent Parallel Algorithms for Positive
               Semidefinite Programming},
  journal   = {arXiv preprint arXiv:1201.5135v3},
  year      = {2016},
  OPTurl    = {https://arxiv.org/abs/1201.5135v3},
}

@inproceedings{GeJZ17,
  author    = {Rong Ge and
               Chi Jin and
               Yi Zheng},
  title     = {No Spurious Local Minima in Nonconvex Low Rank Problems: {A} Unified
               Geometric Analysis},
  booktitle = ICML17,
  pages     = {1233--1242},
  year      = {2017},
}

@inproceedings{LiLR16,
  author    = {Yuanzhi Li and
               Yingyu Liang and
               Andrej Risteski},
  title     = {Recovery guarantee of weighted low-rank approximation via alternating
               minimization},
  booktitle = ICML16,
  pages     = {2358--2367},
  year      = {2016},
}

@inproceedings{BhojanapalliJ14,
  author    = {Srinadh Bhojanapalli and
               Prateek Jain},
  title     = {Universal Matrix Completion},
  booktitle = ICML14,
  pages     = {1881--1889},
  year      = {2014},
}

@article{SpielmanS11,
  author    = {Daniel A. Spielman and
               Nikhil Srivastava},
  title     = {Graph Sparsification by Effective Resistances},
  journal   = SIAMJC,
  volume    = {40},
  number    = {6},
  pages     = {1913--1926},
  year      = {2011},
}

@article{SpielmanT11,
  author    = {Daniel A. Spielman and
               Shang{-}Hua Teng},
  title     = {Spectral Sparsification of Graphs},
  journal   = SIAMJC,
  volume    = {40},
  number    = {4},
  pages     = {981--1025},
  year      = {2011},
}

@inproceedings{SpielmanT04,
  author    = {Daniel A. Spielman and
               Shang{-}Hua Teng},
  title     = {Nearly-linear time algorithms for graph partitioning, graph sparsification,
               and solving linear systems},
  booktitle = STOC04,
  pages     = {81--90},
  year      = {2004},
}

@inproceedings{KoutisMP11,
  author    = {Ioannis Koutis and
               Gary L. Miller and
               Richard Peng},
  title     = {A Nearly-$m \log n$ Time Solver for {SDD} Linear Systems},
  booktitle = FOCS11,
  pages     = {590--598},
  year      = {2011},
}

@inproceedings{KelnerOSZ13,
  author    = {Jonathan A. Kelner and
               Lorenzo Orecchia and
               Aaron Sidford and
               Zeyuan {Allen Zhu}},
  title     = {A simple, combinatorial algorithm for solving {SDD} systems in nearly-linear
               time},
  booktitle = STOC13,
  pages     = {911--920},
  year      = {2013},
}

@inproceedings{CohenKMPPRX14,
  author    = {Michael B. Cohen and
               Rasmus Kyng and
               Gary L. Miller and
               Jakub W. Pachocki and
               Richard Peng and
               Anup B. Rao and
               Shen Chen Xu},
  title     = {Solving {SDD} linear systems in nearly $m \log^{1/2} n$ time},
  booktitle = STOC14,
  pages     = {343--352},
  year      = {2014},
}

@inproceedings{PengS14,
  author    = {Richard Peng and
               Daniel A. Spielman},
  title     = {An efficient parallel solver for {SDD} linear systems},
  booktitle = STOC14,
  pages     = {333--342},
  year      = {2014},
}

@inproceedings{ChengCLPT15,
  author    = {Dehua Cheng and
               Yu Cheng and
               Yan Liu and
               Richard Peng and
               Shang{-}Hua Teng},
  title     = {Efficient Sampling for {Gaussian} Graphical Models via Spectral Sparsification},
  booktitle = COLT15,
  pages     = {364--390},
  year      = {2015},
}

@article{RudelsonV07,
  author    = {Mark Rudelson and
               Roman Vershynin},
  title     = {Sampling from large matrices: An approach through geometric functional analysis},
  journal   = JACM,
  volume    = {54},
  number    = {4},
  pages     = {21},
  year      = {2007},
  OPTurl    = {http://doi.acm.org/10.1145/1255443.1255449}
}

@inproceedings{KyngS16,
  author    = {Rasmus Kyng and
               Sushant Sachdeva},
  title     = {Approximate {G}aussian Elimination for {L}aplacians - Fast, Sparse, and Simple},
  booktitle = FOCS16,
  pages     = {573--582},
  year      = {2016},
  OPTurl    = {https://doi.org/10.1109/FOCS.2016.68}
}

@article{SpielmanT14,
  author    = {Daniel A. Spielman and
               Shang{-}Hua Teng},
  title     = {Nearly Linear Time Algorithms for Preconditioning and Solving Symmetric,
               Diagonally Dominant Linear Systems},
  journal   = {{SIAM} J. Matrix Analysis Applications},
  volume    = {35},
  number    = {3},
  pages     = {835--885},
  year      = {2014},
  OPTurl    = {https://doi.org/10.1137/090771430}
}

@article{AhlswedeW02,
  author    = {Rudolf Ahlswede and
               Andreas J. Winter},
  title     = {Strong converse for identification via quantum channels},
  journal   = TOIT,
  volume    = {48},
  number    = {3},
  pages     = {569--579},
  year      = {2002},
  OPTurl    = {https://doi.org/10.1109/18.985947}
}

@article{Tropp12,
  author    = {Joel A. Tropp},
  title     = {User-Friendly Tail Bounds for Sums of Random Matrices},
  journal   = {Foundations of Computational Mathematics},
  volume    = {12},
  number    = {4},
  pages     = {389--434},
  year      = {2012},
  OPTurl    = {https://doi.org/10.1007/s10208-011-9099-z}
}