@inproceedings{arora2007combinatorial,
	title={A combinatorial, primal-dual approach to semidefinite programs},
	author={Arora, Sanjeev and Kale, Satyen},
	booktitle={Proceedings of the thirty-ninth annual ACM symposium on Theory of computing},
	pages={227--236},
	year={2007},
	organization={ACM}
}
@inproceedings{hardt2014understanding,
	title={Understanding alternating minimization for matrix completion},
	author={Hardt, Moritz},
	booktitle={Foundations of Computer Science (FOCS), 2014 IEEE 55th Annual Symposium on},
	pages={651--660},
	year={2014},
	organization={IEEE}
}
@inproceedings{du2017gradient,
	title={Gradient descent can take exponential time to escape saddle points},
	author={Du, Simon S and Jin, Chi and Lee, Jason D and Jordan, Michael I and Singh, Aarti and Poczos, Barnabas},
	booktitle={Advances in Neural Information Processing Systems},
	pages={1067--1077},
	year={2017}
}
@article{jin2017accelerated,
	title={Accelerated Gradient Descent Escapes Saddle Points Faster than Gradient Descent},
	author={Jin, Chi and Netrapalli, Praneeth and Jordan, Michael I},
	journal={arXiv preprint arXiv:1711.10456},
	year={2017}
}
@article{bie2006fast,
  title={Fast {SDP} relaxations of graph cut clustering, transduction, and other combinatorial problems},
  author={Bie, Tijl De and Cristianini, Nello},
  journal={Journal of Machine Learning Research},
  volume={7},
  number={Jul},
  pages={1409--1436},
  year={2006}
}
@article{shi2000normalized,
  title={Normalized cuts and image segmentation},
  author={Shi, Jianbo and Malik, Jitendra},
  journal={IEEE Transactions on pattern analysis and machine intelligence},
  volume={22},
  number={8},
  pages={888--905},
  year={2000},
  publisher={Ieee}
}

@article{nguyen2017repulsion,
  title={Random matrices: repulsion in spectrum},
  author={Nguyen, Hoi H},
  journal={arXiv preprint arXiv:1709.06682},
  year={2017}
}
@article{jin2017escape,
  title={How to Escape Saddle Points Efficiently},
  author={Jin, Chi and Ge, Rong and Netrapalli, Praneeth and Kakade, Sham M and Jordan, Michael I},
  journal={arXiv preprint arXiv:1703.00887},
  year={2017}
}

@inproceedings{lee2016gradient,
  title={Gradient descent only converges to minimizers},
  author={Lee, Jason D and Simchowitz, Max and Jordan, Michael I and Recht, Benjamin},
  booktitle={Conference on Learning Theory},
  pages={1246--1257},
  year={2016}
}

@inproceedings{boumal2016non,
  title={The non-convex Burer-Monteiro approach works on smooth semidefinite programs},
  author={Boumal, Nicolas and Voroninski, Vlad and Bandeira, Afonso},
  booktitle={Advances in Neural Information Processing Systems},
  pages={2757--2765},
  year={2016}
}
@article{boumal2018deterministicbm,
	author  = {Boumal, N. and Voroninski, V. and Bandeira, A.S.},
	title   = {Deterministic guarantees for {B}urer--{M}onteiro factorizations of smooth semidefinite programs},
	journal = {arXiv preprint arXiv:1804.02008},
	year    = {2018}
}
@article{nguyen2017random,
  title={Random matrices: tail bounds for gaps between eigenvalues},
  author={Nguyen, Hoi and Tao, Terence and Vu, Van},
  journal={Probability Theory and Related Fields},
  volume={167},
  number={3-4},
  pages={777--816},
  year={2017},
  publisher={Springer}
}
@article{avron2013faster,
  title={Faster subset selection for matrices and applications},
  author={Avron, Haim and Boutsidis, Christos},
  journal={SIAM Journal on Matrix Analysis and Applications},
  volume={34},
  number={4},
  pages={1464--1499},
  year={2013},
  publisher={SIAM}
}
@inproceedings{srebro2005rank,
  title={Rank, trace-norm and max-norm},
  author={Srebro, Nathan and Shraibman, Adi},
  booktitle={International Conference on Computational Learning Theory},
  pages={545--560},
  year={2005},
  organization={Springer}
}
@inproceedings{srebro2003weighted,
  title={Weighted Low-Rank Approximations},
  author={Srebro, Nathan and Jaakkola, Tommi},
  booktitle={Proceedings of the 20th International Conference on Machine Learning (ICML-03)},
  pages={720--727},
  year={2003}
}
@inproceedings{ge2016matrix,
  title={Matrix completion has no spurious local minimum},
  author={Ge, Rong and Lee, Jason D and Ma, Tengyu},
  booktitle={Advances in Neural Information Processing Systems},
  pages={2973--2981},
  year={2016}
}
@inproceedings{hardt2014computational,
  title={Computational Limits for Matrix Completion},
  author={Hardt, Moritz and Meka, Raghu and Raghavendra, Prasad and Weitz, Benjamin},
  booktitle={Proceedings of The 27th Conference on Learning Theory},
  pages={703--725},
  year={2014}
}
@inproceedings{bhojanapalli2016dropping,
  title={Dropping convexity for faster semi-definite optimization},
  author={Bhojanapalli, Srinadh and Kyrillidis, Anastasios and Sanghavi, Sujay},
  booktitle={Conference on Learning Theory},
  pages={530--582},
  year={2016}
}



@InProceedings{pmlr-v65-mei17a,
  title = 	 {Solving SDPs for synchronization and MaxCut problems via the Grothendieck inequality},
  author = 	 {Song Mei and Theodor Misiakiewicz and Andrea Montanari and Roberto Imbuzeiro Oliveira},
  booktitle = 	 {Proceedings of the 2017 Conference on Learning Theory},
  pages = 	 {1476--1515},
  year = 	 {2017},
  editor = 	 {Satyen Kale and Ohad Shamir},
  volume = 	 {65},
  series = 	 {Proceedings of Machine Learning Research},
  address = 	 {Amsterdam, Netherlands},
  month = 	 {07--10 Jul},
  publisher = 	 {PMLR},
}

@inproceedings{bandeira2016low,
  author    = {Bandeira, A.S. and Boumal, N. and Voroninski, V.},
title     = {On the low-rank approach for semidefinite programs arising in synchronization and community detection},
booktitle = {Proceedings of The 29th Conference on Learning Theory, {COLT} 2016,
New York, NY, June 23--26},
pages     = {},
year      = {2016}
}
@phdthesis{keshavan2012efficient,
  title={Efficient algorithms for collaborative filtering},
  author={Keshavan, Raghunandan Hulikal},
  year={2012},
  school={STANFORD}
}
@inproceedings{rennie2005fast,
  title={Fast maximum margin matrix factorization for collaborative prediction},
  author={Rennie, Jasson DM and Srebro, Nathan},
  booktitle={Proceedings of the 22nd international conference on Machine learning},
  pages={713--719},
  year={2005},
  organization={ACM}
}
@article{koren2009matrix,
  title={Matrix factorization techniques for recommender systems},
  author={Koren, Yehuda and Bell, Robert and Volinsky, Chris},
  journal={Computer},
  number={8},
  pages={30--37},
  year={2009},
  publisher={IEEE}
}
@article{cartis2012complexity,
  title={Complexity bounds for second-order optimality in unconstrained optimization},
  author={Cartis, Coralia and Gould, Nicholas IM and Toint, Ph L},
  journal={Journal of Complexity},
  volume={28},
  number={1},
  pages={93--108},
  year={2012},
  publisher={Elsevier}
}
@article{nesterov2006cubic,
  title={Cubic regularization of Newton method and its global performance},
  author={Nesterov, Yurii and Polyak, Boris T},
  journal={Mathematical Programming},
  volume={108},
  number={1},
  pages={177--205},
  year={2006},
  publisher={Springer}
}
@inproceedings{ge2015escaping,
  title={Escaping From Saddle Points---Online Stochastic Gradient for Tensor Decomposition},
  author={Ge, Rong and Huang, Furong and Jin, Chi and Yuan, Yang},
  booktitle={Proceedings of The 28th Conference on Learning Theory},
  pages={797--842},
  year={2015}
}
@article{candes2008restricted,
  title={The restricted isometry property and its implications for compressed sensing},
  author={Cand{\`e}s, Emmanuel J},
  journal={Comptes Rendus Mathematique},
  volume={346},
  number={9},
  pages={589--592},
  year={2008},
  publisher={Elsevier}
}
@article{candes2005decoding,
  title={Decoding by linear programming},
  author={Candes, Emmanuel J and Tao, Terence},
  journal={Information Theory, IEEE Transactions on},
  volume={51},
  number={12},
  pages={4203--4215},
  year={2005},
  publisher={IEEE}
}
@article{white2015local,
  title={The local convexity of solving systems of quadratic equations},
  author={White, Chris D and Sanghavi, Sujay and Ward, Rachel},
  journal={arXiv preprint arXiv:1506.07868},
  year={2015}
}

@article{sun2016geometric,
  title={A geometric analysis of phase retrieval},
  author={Sun, Ju and Qu, Qing and Wright, John},
  journal={preprint arXiv:1602.06664},
  year={2016}
}
@inproceedings{sun2015complete,
  title={Complete Dictionary Recovery Using Nonconvex Optimization},
  author={Sun, Ju and Qu, Qing and Wright, John},
  booktitle={Proceedings of The 32nd International Conference on Machine Learning},
  pages={2351--2360},
  year={2015}
}
@inproceedings{mishra2011low,
  title={Low-rank optimization for distance matrix completion},
  author={Mishra, Bamdev and Meyer, Gilles and Sepulchre, Rodolphe},
  booktitle={Decision and control and European control conference (CDC-ECC), 2011 50th IEEE conference on},
  pages={4455--4460},
  year={2011},
  organization={IEEE}
}

@article{jain2015computing,
  title={Computing matrix squareroot via non convex local search},
  author={Jain, Prateek and Jin, Chi and Kakade, Sham M and Netrapalli, Praneeth},
  journal={arXiv preprint arXiv:1507.05854},
  year={2015}
}

@inproceedings{zhao2015nonconvex,
  title={A Nonconvex Optimization Framework for Low Rank Matrix Estimation},
  author={Zhao, Tuo and Wang, Zhaoran and Liu, Han},
  booktitle={Advances in Neural Information Processing Systems},
  pages={559--567},
  year={2015}
}

@inproceedings{yu2014large,
  title={Large-scale Multi-label Learning with Missing Labels},
  author={Yu, Hsiang-Fu and Jain, Prateek and Kar, Purushottam and Dhillon, Inderjit},
  booktitle={Proceedings of The 31st International Conference on Machine Learning},
  pages={593--601},
  year={2014}
}
@article{javanmard2013localization,
  title={Localization from incomplete noisy distance measurements},
  author={Javanmard, Adel and Montanari, Andrea},
  journal={Foundations of Computational Mathematics},
  volume={13},
  number={3},
  pages={297--345},
  year={2013},
  publisher={Springer}
}


@incollection{yurtsever2015universal,
  title = {A Universal Primal-Dual Convex Optimization Framework},
  author = {Yurtsever, A. and Tran-Dinh, Q. and Cevher, V.},
  booktitle = {Advances in Neural Information Processing Systems 28},
  pages = {3132--3140},
  year = {2015}
}

@article{cai2010singular,
  title={A singular value thresholding algorithm for matrix completion},
  author={Cai, J. and Cand{\`e}s, E. and Shen, Z.},
  journal={SIAM Journal on Optimization},
  volume={20},
  number={4},
  pages={1956--1982},
  year={2010},
  publisher={SIAM}
}

@article{flammia2012quantum,
  title={Quantum tomography via compressed sensing: {E}rror bounds, sample complexity and efficient estimators},
  author={Flammia, S. and Gross, D. and Liu, Y.-K. and Eisert, J.},
  journal={New Journal of Physics},
  volume={14},
  number={9},
  pages={095022},
  year={2012},
  publisher={IOP Publishing}
}

@article{becker2011templates,
  title={Templates for convex cone problems with applications to sparse signal recovery},
  author={Becker, S. and Cand{\`e}s, E. and Grant, M.},
  journal={Mathematical Programming Computation},
  volume={3},
  number={3},
  pages={165--218},
  year={2011},
  publisher={Springer}
}

@phdthesis{fazel2002matrix,
  title={Matrix rank minimization with applications},
  author={Fazel, M.},
  year={2002},
  school={PhD thesis, Stanford University}
}

@article{gross2010quantum,
  title={Quantum state tomography via compressed sensing},
  author={Gross, David and Liu, Yi-Kai and Flammia, Steven T and Becker, Stephen and Eisert, Jens},
  journal={Physical review letters},
  volume={105},
  number={15},
  pages={150401},
  year={2010},
  publisher={APS}
}

@inproceedings{uschmajewgreedy,
  title={Greedy rank updates combined with Riemannian descent methods for low-rank optimization},
  author={Uschmajew, Andre and Vandereycken, Bart},
  booktitle={12th International Conference on Sampling Theory and Applications (Sampta)},
  year={2015}
}

@article{boumal2015riemannian,
  title={A Riemannian low-rank method for optimization over semidefinite matrices with block-diagonal constraints},
  author={Boumal, Nicolas},
  journal={arXiv preprint arXiv:1506.00575},
  year={2015}
}

@article{zhang2015global,
  title={Global Convergence of a Grassmannian Gradient Descent Algorithm for Subspace Estimation},
  author={Zhang, Dejiao and Balzano, Laura},
  journal={arXiv preprint arXiv:1506.07405},
  year={2015}
}

@article{candes2015phase1,
  title={Phase retrieval via Wirtinger flow: Theory and algorithms},
  author={Candes, Emmanuel J and Li, Xiaodong and Soltanolkotabi, Mahdi},
  journal={Information Theory, IEEE Transactions on},
  volume={61},
  number={4},
  pages={1985--2007},
  year={2015},
  publisher={IEEE}
}
@article{bertsekas1999nonlinear,
  title={Nonlinear programming},
  author={Bertsekas, Dimitri P},
  year={1999},
  publisher={Athena scientific}
}

@article{bubeck2014theory,
  title={Theory of convex optimization for machine learning},
  author={Bubeck, S{\'e}bastien},
  journal={arXiv preprint arXiv:1405.4980},
  year={2014}
}

@article{recht2010guaranteed,
  title={Guaranteed minimum-rank solutions of linear matrix equations via nuclear norm minimization},
  author={Recht, Benjamin and Fazel, Maryam and Parrilo, Pablo A},
  journal={SIAM review},
  volume={52},
  number={3},
  pages={471--501},
  year={2010},
  publisher={SIAM}
}

@article{sun2014guaranteed,
  title={Guaranteed matrix completion via non-convex factorization},
  author={Sun, Ruoyu and Luo, Zhi-Quan},
  journal={arXiv preprint arXiv:1411.8003},
  year={2014}
}

@inproceedings{sa2015global,
  title={Global Convergence of Stochastic Gradient Descent for Some Non-convex Matrix Problems},
  author={Sa, Christopher D and Re, Christopher and Olukotun, Kunle},
  booktitle={Proceedings of the 32nd International Conference on Machine Learning (ICML-15)},
  pages={2332--2341},
  year={2015}
}

@article{toh2004solving,
  title={Solving large scale semidefinite programs via an iterative solver on the augmented systems},
  author={Toh, Kim-Chuan},
  journal={SIAM Journal on Optimization},
  volume={14},
  number={3},
  pages={670--698},
  year={2004},
  publisher={SIAM}
}

@article{nakata2003exploiting,
  title={Exploiting sparsity in semidefinite programming via matrix completion {II}: Implementation and numerical results},
  author={Nakata, Kazuhide and Fujisawa, Katsuki and Fukuda, Mituhiro and Kojima, Masakazu and Murota, Kazuo},
  journal={Mathematical Programming},
  volume={95},
  number={2},
  pages={303--327},
  year={2003},
  publisher={Springer}
}

@article{fukuda2001exploiting,
  title={Exploiting sparsity in semidefinite programming via matrix completion {I}: General framework},
  author={Fukuda, Mituhiro and Kojima, Masakazu and Murota, Kazuo and Nakata, Kazuhide},
  journal={SIAM Journal on Optimization},
  volume={11},
  number={3},
  pages={647--674},
  year={2001},
  publisher={SIAM}
}

@article{burer2003semidefinite,
  title={Semidefinite programming in the space of partial positive semidefinite matrices},
  author={Burer, Samuel},
  journal={SIAM Journal on Optimization},
  volume={14},
  number={1},
  pages={139--172},
  year={2003},
  publisher={SIAM}
}

@inproceedings{aaronson2007learnability,
  title={The learnability of quantum states},
  author={Aaronson, Scott},
  booktitle={Proceedings of the Royal Society of London A: Mathematical, Physical and Engineering Sciences},
  volume={463},
  number={2088},
  pages={3089--3114},
  year={2007},
  organization={The Royal Society}
}

@article{clarkson2010coresets,
  title={Coresets, sparse greedy approximation, and the {F}rank-{W}olfe algorithm},
  author={Clarkson, Kenneth L},
  journal={ACM Transactions on Algorithms (TALG)},
  volume={6},
  number={4},
  pages={63},
  year={2010},
  publisher={ACM}
}

@incollection{hazan2008sparse,
  title={Sparse approximate solutions to semidefinite programs},
  author={Hazan, Elad},
  booktitle={LATIN 2008: Theoretical Informatics},
  pages={306--316},
  year={2008},
  publisher={Springer}
}



@inproceedings{vaidya1989new,
  title={A new algorithm for minimizing convex functions over convex sets},
  author={Vaidya, Pravin M},
  booktitle={Foundations of Computer Science, 1989., 30th Annual Symposium on},
  pages={338--343},
  year={1989},
  organization={IEEE}
}

@inproceedings{arora2005fast,
  title={Fast algorithms for approximate semidefinite programming using the multiplicative weights update method},
  author={Arora, Sanjeev and Hazan, Elad and Kale, Satyen},
  booktitle={Foundations of Computer Science, 2005. FOCS 2005. 46th Annual IEEE Symposium on},
  pages={339--348},
  year={2005},
  organization={IEEE}
}

@inproceedings{klein1996efficient,
  title={Efficient approximation algorithms for semidefinite programs arising from {MAX CUT} and {COLORING}},
  author={Klein, Philip and Lu, Hsueh-I},
  booktitle={Proceedings of the twenty-eighth annual ACM symposium on Theory of computing},
  pages={338--347},
  year={1996},
  organization={ACM}
}

@article{goemans1995improved,
  title={Improved approximation algorithms for maximum cut and satisfiability problems using semidefinite programming},
  author={Goemans, Michel X and Williamson, David P},
  journal={Journal of the ACM (JACM)},
  volume={42},
  number={6},
  pages={1115--1145},
  year={1995},
  publisher={ACM}
}

@book{nesterov1989self,
  title={Self-concordant functions and polynomial-time methods in convex programming},
  author={Nesterov, Yurii and Nemirovski, Arkadi},
  year={1989},
  publisher={USSR Academy of Sciences, Central Economic \& Mathematic Institute}
}

@article{nesterov1988polynomial,
  title={Polynomial barrier methods in convex programming},
  author={Nesterov, Yurii and Nemirovski, Arkadi},
  journal={Ekonom. i Mat. Metody},
  volume={24},
  number={6},
  pages={1084--1091},
  year={1988}
}

@article{chen2015fast,
  title={Fast low-rank estimation by projected gradient descent: General statistical and algorithmic guarantees},
  author={Chen, Yudong and Wainwright, Martin J},
  journal={arXiv preprint arXiv:1509.03025},
  year={2015}
}

@article{asteris2015sparse,
  title={Sparse {PCA} via Bipartite Matchings},
  author={Asteris, Megasthenis and Papailiopoulos, Dimitris and Kyrillidis, Anastasios and Dimakis, Alexandros G},
  journal={arXiv preprint arXiv:1508.00625},
  year={2015}
}

@article{vu2013minimax,
  title={Minimax sparse principal subspace estimation in high dimensions},
  author={Vu, Vincent Q and Lei, Jing and others},
  journal={The Annals of Statistics},
  volume={41},
  number={6},
  pages={2905--2947},
  year={2013},
  publisher={Institute of Mathematical Statistics}
}

@inproceedings{chen2010general,
  title={A general framework for high-dimensional estimation in the presence of incoherence},
  author={Chen, Yuxin and Sanghavi, Sujay},
  booktitle={Communication, Control, and Computing (Allerton), 2010 48th Annual Allerton Conference on},
  pages={1570--1576},
  year={2010},
  organization={IEEE}
}

@inproceedings{liu2011universal,
  title={Universal low-rank matrix recovery from {P}auli measurements},
  author={Liu, Yi-Kai},
  booktitle={Advances in Neural Information Processing Systems},
  pages={1638--1646},
  year={2011}
}

@article{candes2011tight,
  title={Tight oracle inequalities for low-rank matrix recovery from a minimal number of noisy random measurements},
  author={Candes, Emmanuel J and Plan, Yaniv},
  journal={Information Theory, IEEE Transactions on},
  volume={57},
  number={4},
  pages={2342--2359},
  year={2011},
  publisher={IEEE}
}

@article{candes2014solving,
  title={Solving quadratic equations via {P}hase{L}ift when there are about as many equations as unknowns},
  author={Candes, Emmanuel J and Li, Xiaodong},
  journal={Foundations of Computational Mathematics},
  volume={14},
  number={5},
  pages={1017--1026},
  year={2014},
  publisher={Springer}
}

@article{candes2015phase,
  title={Phase retrieval via matrix completion},
  author={Candes, Emmanuel J and Eldar, Yonina C and Strohmer, Thomas and Voroninski, Vladislav},
  journal={SIAM Review},
  volume={57},
  number={2},
  pages={225--251},
  year={2015},
  publisher={SIAM}
}

@inproceedings{netrapalli2013phase,
  title={Phase retrieval using alternating minimization},
  author={Netrapalli, Praneeth and Jain, Prateek and Sanghavi, Sujay},
  booktitle={Advances in Neural Information Processing Systems},
  pages={2796--2804},
  year={2013}
}

@article{journee2010low,
  title={Low-rank optimization on the cone of positive semidefinite matrices},
  author={Journ{\'e}e, Michel and Bach, Francis and Absil, P-A and Sepulchre, Rodolphe},
  journal={SIAM Journal on Optimization},
  volume={20},
  number={5},
  pages={2327--2351},
  year={2010},
  publisher={SIAM}
}

@article{jaggi2011convex,
  title={Convex optimization without projection steps},
  author={Jaggi, Martin},
  journal={arXiv preprint arXiv:1108.1170},
  year={2011}
}

@article{jiang2012inexact,
  title={An inexact accelerated proximal gradient method for large scale linearly constrained convex {SDP}},
  author={Jiang, Kaifeng and Sun, Defeng and Toh, Kim-Chuan},
  journal={SIAM Journal on Optimization},
  volume={22},
  number={3},
  pages={1042--1064},
  year={2012},
  publisher={SIAM}
}

@article{helmberg2014spectral,
  title={The spectral bundle method with second-order information},
  author={Helmberg, Christoph and Overton, Michael L and Rendl, Franz},
  journal={Optimization Methods and Software},
  volume={29},
  number={4},
  pages={855--876},
  year={2014},
  publisher={Taylor \& Francis}
}

@article{mirsky1975trace,
  title={A trace inequality of {J}ohn von {N}eumann},
  author={Mirsky, Leon},
  journal={Monatshefte f{\"u}r Mathematik},
  volume={79},
  number={4},
  pages={303--306},
  year={1975},
  publisher={Springer}
}
@article{horn37topics,
  title={Topics in matrix analysis},
  author={Horn, Roger A and Johnson, Charles R},
  journal={Cambridge University Presss, Cambridge},
  volume={37},
  pages={39},
  year={1991}
}
@article{tu2015low,
  title={Low-rank Solutions of Linear Matrix Equations via {P}rocrustes Flow},
  author={Tu, Stephen and Boczar, Ross and Soltanolkotabi, Mahdi and Recht, Benjamin},
  journal={arXiv preprint arXiv:1507.03566},
  year={2015}
}

@inproceedings{zheng2015convergent,
  title={A convergent gradient descent algorithm for rank minimization and semidefinite programming from random linear measurements},
  author={Zheng, Qinqing and Lafferty, John},
  booktitle={Advances in Neural Information Processing Systems},
  pages={109--117},
  year={2015}
}

@book{bhatia1987perturbation,
  title={Perturbation bounds for matrix eigenvalues},
  author={Bhatia, Rajendra},
  volume={53},
  year={1987},
  publisher={SIAM}
}

@inproceedings{waters2011sparcs,
  title={SpaRCS: Recovering low-rank and sparse matrices from compressive measurements},
  author={Waters, Andrew E and Sankaranarayanan, Aswin C and Baraniuk, Richard},
  booktitle={Advances in neural information processing systems},
  pages={1089--1097},
  year={2011}
}

@article{mises1929praktische,
  title={Praktische Verfahren der Gleichungsaufl{\"o}sung.},
  author={Mises, RV and Pollaczek-Geiringer, Hilda},
  journal={ZAMM-Journal of Applied Mathematics and Mechanics/Zeitschrift f{\"u}r Angewandte Mathematik und Mechanik},
  volume={9},
  number={1},
  pages={58--77},
  year={1929},
  publisher={Wiley Online Library}
}

@inproceedings{agarwal2010fast,
  title={Fast global convergence rates of gradient methods for high-dimensional statistical recovery},
  author={Agarwal, Alekh and Negahban, Sahand and Wainwright, Martin J},
  booktitle={Advances in Neural Information Processing Systems},
  pages={37--45},
  year={2010}
}
@article{negahban2012restricted,
  title={Restricted strong convexity and weighted matrix completion: Optimal bounds with noise},
  author={Negahban, Sahand and Wainwright, Martin J},
  journal={The Journal of Machine Learning Research},
  volume={13},
  number={1},
  pages={1665--1697},
  year={2012},
  publisher={JMLR. org}
}

@inproceedings{xing2002distance,
  title={Distance metric learning with application to clustering with side-information},
  author={Xing, Eric P and Jordan, Michael I and Russell, Stuart and Ng, Andrew Y},
  booktitle={Advances in neural information processing systems},
  pages={505--512},
  year={2002}
}
@article{kyrillidis2014matrix,
  title={Matrix recipes for hard thresholding methods},
  author={Kyrillidis, Anastasios and Cevher, Volkan},
  journal={Journal of mathematical imaging and vision},
  volume={48},
  number={2},
  pages={235--265},
  year={2014},
  publisher={Springer}
}

@inproceedings{wainwright2006high,
  title={High-Dimensional Graphical Model Selection Using $ \ell_1 $-Regularized Logistic Regression},
  author={Wainwright, Martin J and Lafferty, John D and Ravikumar, Pradeep K},
  booktitle={Advances in neural information processing systems},
  pages={1465--1472},
  year={2006}
}

@inproceedings{hsieh2011sparse,
  title={Sparse inverse covariance matrix estimation using quadratic approximation},
  author={Hsieh, Cho-Jui and Dhillon, Inderjit S and Ravikumar, Pradeep K and Sustik, M{\'a}ty{\'a}s A},
  booktitle={Advances in Neural Information Processing Systems},
  pages={2330--2338},
  year={2011}
}

@inproceedings{kyrillidis2014scalable,
  title={Scalable Sparse Covariance Estimation via Self-Concordance},
  author={Kyrillidis, Anastasios and Karimi, Rabeeh and Dinh, Quoc Tran and Cevher, Volkan},
  booktitle={Twenty-Eighth AAAI Conference on Artificial Intelligence},
  year={2014}
}

@inproceedings{shalev2011large,
  title={Large-Scale Convex Minimization with a Low-Rank Constraint},
  author={Shalev-shwartz, Shai and Gonen, Alon and Shamir, Ohad},
  booktitle={Proceedings of the 28th International Conference on Machine Learning (ICML-11)},
  pages={329--336},
  year={2011}
}

@article{edelman1998geometry,
  title={The geometry of algorithms with orthogonality constraints},
  author={Edelman, Alan and Arias, Tom{\'a}s A and Smith, Steven T},
  journal={SIAM journal on Matrix Analysis and Applications},
  volume={20},
  number={2},
  pages={303--353},
  year={1998},
  publisher={SIAM}
}
@inproceedings{laue2012hybrid,
  title={A Hybrid Algorithm for Convex Semidefinite Optimization},
  author={Laue, Soeren},
  booktitle={Proceedings of the 29th International Conference on Machine Learning (ICML-12)},
  pages={177--184},
  year={2012}
}

@article{d2007direct,
  title={A direct formulation for sparse {PCA} using semidefinite programming},
  author={d'Aspremont, Alexandre and El Ghaoui, Laurent and Jordan, Michael I and Lanckriet, Gert RG},
  journal={SIAM review},
  volume={49},
  number={3},
  pages={434--448},
  year={2007},
  publisher={SIAM}
}

@inproceedings{lee2001algorithms,
  title={Algorithms for non-negative matrix factorization},
  author={Lee, Daniel D and Seung, H Sebastian},
  booktitle={Advances in neural information processing systems},
  pages={556--562},
  year={2001}
}

@inproceedings{recht2012factoring,
  title={Factoring nonnegative matrices with linear programs},
  author={Recht, Ben and Re, Christopher and Tropp, Joel and Bittorf, Victor},
  booktitle={Advances in Neural Information Processing Systems},
  pages={1214--1222},
  year={2012}
}

@article{arora2012practical,
  title={A practical algorithm for topic modeling with provable guarantees},
  author={Arora, Sanjeev and Ge, Rong and Halpern, Yoni and Mimno, David and Moitra, Ankur and Sontag, David and Wu, Yichen and Zhu, Michael},
  journal={arXiv preprint arXiv:1212.4777},
  year={2012}
}

@inproceedings{garber2011approximating,
  title={Approximating semidefinite programs in sublinear time},
  author={Garber, Dan and Hazan, Elad},
  booktitle={Advances in Neural Information Processing Systems},
  pages={1080--1088},
  year={2011}
}

@article{helmberg2000spectral,
  title={A spectral bundle method for semidefinite programming},
  author={Helmberg, Christoph and Rendl, Franz},
  journal={SIAM Journal on Optimization},
  volume={10},
  number={3},
  pages={673--696},
  year={2000},
  publisher={SIAM}
}

@phdthesis{boumal2014optimization,
  title={Optimization and estimation on manifolds},
  author={Boumal, Nicolas},
  year={2014},
  school={UCLouvain, Belgium}
}

@inproceedings{jain2010guaranteed,
  title={Guaranteed rank minimization via singular value projection},
  author={Jain, Prateek and Meka, Raghu and Dhillon, Inderjit S},
  booktitle={Advances in Neural Information Processing Systems},
  pages={937--945},
  year={2010}
}

@article{cai2013matrix,
  title={Matrix completion via max-norm constrained optimization},
  author={Cai, T Tony and Zhou, Wen-Xin},
  journal={arXiv preprint arXiv:1303.0341},
  year={2013}
}

@inproceedings{becker2013randomized,
  title={Randomized Low-Memory Singular Value Projection},
  author={Becker, Stephen and Cevher, Volkan and Kyrillidis, Anastasios},
  booktitle={10th International Conference on Sampling Theory and Applications (Sampta)},
  year={2013}
}

@inproceedings{tran2013proximal,
  title={A proximal Newton framework for composite minimization: Graph learning without Cholesky decompositions and matrix inversions},
  author={Tran Dinh, Quoc and Kyrillidis, Anastasios and Cevher, Volkan},
  booktitle={Proceedings of the 30th International Conference on Machine Learning},
  number={EPFL-CONF-183012},
  year={2013}
}

@article{trandihn15a,
  author  = {Quoc Tran Dinh and Anastasios Kyrillidis and Volkan Cevher},
  title   = {Composite Self-Concordant Minimization},
  journal = {Journal of Machine Learning Research},
  year    = {2015},
  volume  = {16},
  pages   = {371-416}
}

@inproceedings{schmidt2011convergence,
  title={Convergence rates of inexact proximal-gradient methods for convex optimization},
  author={Schmidt, Mark and Roux, Nicolas L and Bach, Francis R},
  booktitle={Advances in neural information processing systems},
  pages={1458--1466},
  year={2011}
}

@inproceedings{lee2012proximal,
  title={Proximal Newton-type methods for convex optimization},
  author={Lee, Jason and Sun, Yuekai and Saunders, Michael},
  booktitle={Advances in Neural Information Processing Systems},
  pages={836--844},
  year={2012}
}

@inproceedings{becker2012quasi,
  title={A quasi-Newton proximal splitting method},
  author={Becker, Stephen and Fadili, Jalal},
  booktitle={Advances in Neural Information Processing Systems},
  pages={2618--2626},
  year={2012}
}

@article{monteiro2003first,
  title={First-and second-order methods for semidefinite programming},
  author={Monteiro, Renato DC},
  journal={Mathematical Programming},
  volume={97},
  number={1-2},
  pages={209--244},
  year={2003},
  publisher={Springer}
}

@article{nesterov1983method,
  title={A method of solving a convex programming problem with convergence rate O (1/k2)},
  author={Nesterov, Yurii},
  journal={Soviet Mathematics Doklady},
  volume={27},
  number={2},
  pages={372--376},
  year={1983}
}


@article{nesterov2007smoothing,
  title={Smoothing technique and its applications in semidefinite optimization},
  author={Nesterov, Yurii},
  journal={Mathematical Programming},
  volume={110},
  number={2},
  pages={245--259},
  year={2007},
  publisher={Springer}
}

@article{renegar2014efficient,
  title={Efficient First-Order Methods for Linear Programming and Semidefinite Programming},
  author={Renegar, James},
  journal={arXiv preprint arXiv:1409.5832},
  year={2014}
}

@article{wen2010alternating,
  title={Alternating direction augmented {L}agrangian methods for semidefinite programming},
  author={Wen, Zaiwen and Goldfarb, Donald and Yin, Wotao},
  journal={Mathematical Programming Computation},
  volume={2},
  number={3-4},
  pages={203--230},
  year={2010},
  publisher={Springer}
}

@book{nesterov2004introductory,
  title={Introductory lectures on convex optimization},
  author={Nesterov, Yurii},
  volume={87},
  year={2004},
  publisher={Springer Science \& Business Media}
}

@article{rockafellar1976monotone,
  title={Monotone operators and the proximal point algorithm},
  author={Rockafellar, R Tyrrell},
  journal={SIAM journal on control and optimization},
  volume={14},
  number={5},
  pages={877--898},
  year={1976},
  publisher={SIAM}
}

@article{moreau1965proximite,
  title={Proximit{\'e} et dualit{\'e} dans un espace hilbertien},
  author={Moreau, Jean-Jacques},
  journal={Bulletin de la Soci{\'e}t{\'e} math{\'e}matique de France},
  volume={93},
  pages={273--299},
  year={1965},
  publisher={Soci{\'e}t{\'e} math{\'e}matique de France}
}

@article{nesterov1988general,
  title={A general approach to polynomial-time algorithms design for convex programming},
  author={Nesterov, Yurii and Nemirovski, Arkadi},
  journal={Report, Central Economical and Mathematical Institute, USSR Academy of Sciences, Moscow},
  year={1988}
}

@book{nesterov1994interior,
  title={Interior-point polynomial algorithms in convex programming},
  author={Nesterov, Yurii and Nemirovski, Arkadi and Ye, Yinyu},
  volume={13},
  year={1994},
  publisher={SIAM}
}

@article{gonzaga1992path,
  title={Path-following methods for linear programming},
  author={Gonzaga, Clovis C},
  journal={SIAM review},
  volume={34},
  number={2},
  pages={167--224},
  year={1992},
  publisher={SIAM}
}

@inproceedings{karmarkar1984new,
  title={A new polynomial-time algorithm for linear programming},
  author={Karmarkar, Narendra},
  booktitle={Proceedings of the sixteenth annual ACM symposium on Theory of computing},
  pages={302--311},
  year={1984},
  organization={ACM}
}

@book{boyd2004convex,
  title={Convex optimization},
  author={Boyd, Stephen and Vandenberghe, Lieven},
  year={2004},
  publisher={Cambridge university press}
}

@article{vandenberghe1995primal,
  title={A primalâ€”dual potential reduction method for problems involving matrix inequalities},
  author={Vandenberghe, Lieven and Boyd, Stephen},
  journal={Mathematical Programming},
  volume={69},
  number={1-3},
  pages={205--236},
  year={1995},
  publisher={Springer}
}

@article{alizadeh1995interior,
  title={Interior point methods in semidefinite programming with applications to combinatorial optimization},
  author={Alizadeh, Farid},
  journal={SIAM Journal on Optimization},
  volume={5},
  number={1},
  pages={13--51},
  year={1995},
  publisher={SIAM}
}

@article{alizadeh1998primal,
  title={Primal-dual interior-point methods for semidefinite programming: convergence rates, stability and numerical results},
  author={Alizadeh, Farid and Haeberly, Jean-Pierre A and Overton, Michael L},
  journal={SIAM Journal on Optimization},
  volume={8},
  number={3},
  pages={746--768},
  year={1998},
  publisher={SIAM}
}

@article{burer2003nonlinear,
  title={A nonlinear programming algorithm for solving semidefinite programs via low-rank factorization},
  author={Burer, Samuel and Monteiro, Renato DC},
  journal={Mathematical Programming},
  volume={95},
  number={2},
  pages={329--357},
  year={2003},
  publisher={Springer}
}
@article{burer2005local,
  title={Local minima and convergence in low-rank semidefinite programming},
  author={Burer, Samuel and Monteiro, Renato DC},
  journal={Mathematical Programming},
  volume={103},
  number={3},
  pages={427--444},
  year={2005},
  publisher={Springer}
}
@article{vempala2004spectral,
  title={A spectral algorithm for learning mixture models},
  author={Vempala, Santosh and Wang, Grant},
  journal={Journal of Computer and System Sciences},
  volume={68},
  number={4},
  pages={841--860},
  year={2004},
  publisher={Elsevier}
}

@inproceedings{anandkumar2012spectral,
  title={A Spectral Algorithm for Latent Dirichlet Allocation.},
  author={Anandkumar, Anima and Foster, Dean P and Hsu, Daniel and Kakade, Sham and Liu, Yi-Kai},
  booktitle={NIPS},
  pages={926--934},
  year={2012}
}

@article{anandkumar2012method,
  title={A method of moments for mixture models and hidden Markov models},
  author={Anandkumar, Animashree and Hsu, Daniel and Kakade, Sham M},
  journal={arXiv preprint arXiv:1203.0683},
  year={2012}
}

@book{golub2012matrix,
  title={Matrix computations},
  author={Golub, Gene H and Van Loan, Charles F},
  volume={3},
  year={2012},
  publisher={JHU Press}
}

@article{wedin1972perturbation,
  title={Perturbation bounds in connection with singular value decomposition},
  author={Wedin, Per-{\AA}ke},
  journal={BIT Numerical Mathematics},
  volume={12},
  number={1},
  pages={99--111},
  year={1972},
  publisher={Springer}
}
@inproceedings{jain2013low,
  title={Low-rank matrix completion using alternating minimization},
  author={Jain, Prateek and Netrapalli, Praneeth and Sanghavi, Sujay},
  booktitle={Proceedings of the 45th annual ACM Symposium on theory of computing},
  pages={665--674},
  year={2013},
  organization={ACM}
}

@article{mackey2012matrix,
  title={Matrix concentration inequalities via the method of exchangeable pairs},
  author={Mackey, Lester and Jordan, Michael I and Chen, Richard Y and Farrell, Brendan and Tropp, Joel A},
  journal={arXiv preprint arXiv:1201.6002},
  year={2012}
}

@article{strassen1969gaussian,
  title={Gaussian elimination is not optimal},
  author={Strassen, Volker},
  journal={Numerische Mathematik},
  volume={13},
  number={4},
  pages={354--356},
  year={1969},
  publisher={Springer}
}

@inproceedings{williams2012multiplying,
  title={Multiplying matrices faster than Coppersmith-Winograd},
  author={Williams, Virginia Vassilevska},
  booktitle={Proceedings of the 44th symposium on Theory of Computing},
  pages={887--898},
  year={2012},
  organization={ACM}
}

@article{pagh2013compressed,
  title={Compressed matrix multiplication},
  author={Pagh, Rasmus},
  journal={ACM Transactions on Computation Theory (TOCT)},
  volume={5},
  number={3},
  pages={9},
  year={2013},
  publisher={ACM}
}

@article{chen2013completing,
  title={Completing any low-rank matrix, provably},
  author={Chen, Yudong and Bhojanapalli, Srinadh and Sanghavi, Sujay and Ward, Rachel},
  journal={arXiv preprint arXiv:1306.2979},
  year={2013}
}

@inproceedings{chen2014coherent,
  title={Coherent Matrix Completion},
  author={Chen, Yudong and Bhojanapalli, Srinadh and Sanghavi, Sujay and Ward, Rachel},
  booktitle={Proceedings of The 31st International Conference on Machine Learning},
  pages={674--682},
  year={2014}
}

@inproceedings{kannan2014principal,
  title={Principal Component Analysis and Higher Correlations for Distributed Data},
  author={Kannan, Ravindran and Vempala, Santosh S and Woodruff, David P},
  booktitle={Proceedings of The 27th Conference on Learning Theory},
  pages={1040--1057},
  year={2014}
}

@inproceedings{feldman2013turning,
  title={Turning big data into tiny data: Constant-size coresets for k-means, pca and projective clustering},
  author={Feldman, Dan and Schmidt, Melanie and Sohler, Christian},
  booktitle={Proceedings of the Twenty-Fourth Annual ACM-SIAM Symposium on Discrete Algorithms},
  pages={1434--1453},
  year={2013},
  organization={SIAM}
}

@inproceedings{ghashami2014relative,
  title={Relative Errors for Deterministic Low-Rank Matrix Approximations.},
  author={Ghashami, Mina and Phillips, Jeff M},
  booktitle={SODA},
  pages={707--717},
  year={2014},
  organization={SIAM}
}


@inproceedings{liang2013distributed,
  title={Distributed PCA and k-Means Clustering},
  author={Liang, Yingyu and Balcan, Maria-Florina and Kanchanapally, Vandana},
  booktitle={The Big Learning Workshop at NIPS},
  year={2013}
}

@inproceedings{clarkson2009numerical,
  title={Numerical linear algebra in the streaming model},
  author={Clarkson, Kenneth L and Woodruff, David P},
  booktitle={Proceedings of the forty-first annual ACM symposium on Theory of computing},
  pages={205--214},
  year={2009},
  organization={ACM}
}
@article{frieze2004fast,
  title={Fast Monte-Carlo algorithms for finding low-rank approximations},
  author={Frieze, Alan and Kannan, Ravi and Vempala, Santosh},
  journal={Journal of the ACM (JACM)},
  volume={51},
  number={6},
  pages={1025--1041},
  year={2004},
  publisher={ACM}
}
@article{drineas2006fast,
  title={Fast Monte Carlo algorithms for matrices {II}: Computing a low-rank approximation to a matrix},
  author={Drineas, Petros and Kannan, Ravi and Mahoney, Michael W},
  journal={SIAM Journal on Computing},
  volume={36},
  number={1},
  pages={158--183},
  year={2006},
  publisher={SIAM}
}
@article{boutsidis2013improved,
  title={Improved matrix algorithms via the subsampled randomized hadamard transform},
  author={Boutsidis, Christos and Gittens, Alex},
  journal={SIAM Journal on Matrix Analysis and Applications},
  volume={34},
  number={3},
  pages={1301--1340},
  year={2013},
  publisher={SIAM}
}

@inproceedings{nguyen2009fast,
  title={A fast and efficient algorithm for low-rank approximation of a matrix},
  author={Nguyen, Nam H and Do, Thong T and Tran, Trac D},
  booktitle={Proceedings of the 41st annual ACM symposium on Theory of computing},
  pages={215--224},
  year={2009},
  organization={ACM}
}

@article{woolfe2008fast,
  title={A fast randomized algorithm for the approximation of matrices},
  author={Woolfe, Franco and Liberty, Edo and Rokhlin, Vladimir and Tygert, Mark},
  journal={Applied and Computational Harmonic Analysis},
  volume={25},
  number={3},
  pages={335--366},
  year={2008},
  publisher={Elsevier}
}

@inproceedings{sarlos2006improved,
  title={Improved approximation algorithms for large matrices via random projections},
  author={Sarlos, Tamas},
  booktitle={Foundations of Computer Science, 2006. FOCS'06. 47th Annual IEEE Symposium on},
  pages={143--152},
  year={2006},
  organization={IEEE}
}

@inproceedings{clarkson2013low,
  title={Low rank approximation and regression in input sparsity time},
  author={Clarkson, Kenneth L and Woodruff, David P},
  booktitle={Proceedings of the 45th annual ACM symposium on Symposium on theory of computing},
  pages={81--90},
  year={2013},
  organization={ACM}
}
@article{har2006low,
  title={Low rank matrix approximation in linear time},
  author={Har-Peled, Sariel},
  journal={Manuscript. http://valis. cs. uiuc. edu/sariel/papers/05/lrank/lrank. pdf},
  year={2006},
  publisher={Citeseer}
}

@article{mahoney2011randomized,
  title={Randomized algorithms for matrices and data},
  author={Mahoney, Michael W},
  journal={Foundations and Trends{\textregistered} in Machine Learning},
  volume={3},
  number={2},
  pages={123--224},
  year={2011},
  publisher={Now Publishers Inc.}
}

@article{halko2011finding,
  title={Finding structure with randomness: Probabilistic algorithms for constructing approximate matrix decompositions},
  author={Halko, Nathan and Martinsson, Per-Gunnar and Tropp, Joel A},
  journal={SIAM review},
  volume={53},
  number={2},
  pages={217--288},
  year={2011},
  publisher={SIAM}
}

@inproceedings{achlioptas2001fast,
  title={Fast computation of low rank matrix approximations},
  author={Achlioptas, Dimitris and McSherry, Frank},
  booktitle={Proceedings of the thirty-third annual ACM symposium on Theory of computing},
  pages={611--618},
  year={2001},
  organization={ACM}
}

@incollection{drineas2006subspace,
  title={Subspace sampling and relative-error matrix approximation: Column-based methods},
  author={Drineas, Petros and Mahoney, Michael W and Muthukrishnan, S},
  booktitle={Approximation, Randomization, and Combinatorial Optimization. Algorithms and Techniques},
  pages={316--326},
  year={2006},
  publisher={Springer}
}

@incollection{deshpande2006adaptive,
  title={Adaptive sampling and fast low-rank matrix approximation},
  author={Deshpande, Amit and Vempala, Santosh},
  booktitle={Approximation, Randomization, and Combinatorial Optimization. Algorithms and Techniques},
  pages={292--303},
  year={2006},
  publisher={Springer}
}

@article{keshavan2010matrix,
  title={Matrix completion from a few entries},
  author={Keshavan, Raghunandan H and Montanari, Andrea and Oh, Sewoong},
  journal={Information Theory, IEEE Transactions on},
  volume={56},
  number={6},
  pages={2980--2998},
  year={2010},
  publisher={IEEE}
}

@INPROCEEDINGS{frieze1998fast,
author={Frieze, A. and Kannan, R. and Vempala, S.},
booktitle={Foundations of Computer Science, 1998. Proceedings. 39th Annual Symposium on},
title={Fast Monte-Carlo algorithms for finding low-rank approximations},
year={1998},
month={Nov},
pages={370-378},
doi={10.1109/SFCS.1998.743487},
ISSN={0272-5428},}

@inproceedings{nelson2013osnap,
  title={OSNAP: Faster numerical linear algebra algorithms via sparser subspace embeddings},
  author={Nelson, Jelani and Nguy{\^e}n, Huy L},
  booktitle={Foundations of Computer Science (FOCS), 2013 IEEE 54th Annual Symposium on},
  pages={117--126},
  year={2013},
  organization={IEEE}
}
@inproceedings{drineas2003pass,
  title={Pass efficient algorithms for approximating large matrices.},
  author={Drineas, Petros and Kannan, Ravi},
  booktitle={SODA},
  volume={3},
  pages={223--232},
  year={2003}
}
@article{candes2009exact,
  title={Exact matrix completion via convex optimization},
  author={Cand{\`e}s, Emmanuel J and Recht, Benjamin},
  journal={Foundations of Computational mathematics},
  volume={9},
  number={6},
  pages={717--772},
  year={2009},
  publisher={Springer}
}
@article{recht2009simpler,
  title={A simpler approach to matrix completion},
  author={Recht, Benjamin},
  journal={arXiv preprint arXiv:0910.0651},
  year={2009}
}
@article{candes2010power,
  title={The power of convex relaxation: Near-optimal matrix completion},
  author={Cand{\`e}s, Emmanuel J and Tao, Terence},
  journal={Information Theory, IEEE Transactions on},
  volume={56},
  number={5},
  pages={2053--2080},
  year={2010},
  publisher={IEEE}
}

@article{gross2011recovering,
  title={Recovering low-rank matrices from few coefficients in any basis},
  author={Gross, David},
  journal={Information Theory, IEEE Transactions on},
  volume={57},
  number={3},
  pages={1548--1566},
  year={2011},
  publisher={IEEE}
}

@article{hardt2013understanding,
  title={Understanding Alternating Minimization for Matrix Completion},
  author={Hardt, Moritz},
  journal={arXiv preprint arXiv:1312.0925},
  year={2013}
}

@inproceedings{hardt2014fast,
  title={Fast matrix completion without the condition number},
  author={Hardt, Moritz and Wootters, Mary},
  booktitle={Proceedings of The 27th Conference on Learning Theory},
  pages={638--678},
  year={2014}
}

@inproceedings{liberty2013simple,
  title={Simple and deterministic matrix sketching},
  author={Liberty, Edo},
  booktitle={Proceedings of the 19th ACM SIGKDD international conference on Knowledge discovery and data mining},
  pages={581--588},
  year={2013},
  organization={ACM}
}
@article{tropp2012user,
  title={User-friendly tail bounds for sums of random matrices},
  author={Tropp, Joel A},
  journal={Foundations of Computational Mathematics},
  volume={12},
  number={4},
  pages={389--434},
  year={2012},
  publisher={Springer}
}

@article{pagh13,
  author    = {Rasmus Pagh and
               Morten St{\"o}ckel},
  title     = {The Input/Output Complexity of Sparse Matrix Multiplication},
  journal   = {CoRR},
  volume    = {abs/1403.3551},
  year      = {2014},
  ee        = {http://arxiv.org/abs/1403.3551},
  bibsource = {DBLP, http://dblp.uni-trier.de}
}

@article{KannanV10,
  author    = {Ravi Kannan and
               Santosh Vempala},
  title     = {Spectral Algorithms},
  journal   = {Foundations and Trends in Theoretical Computer Science},
  volume    = {4},
  number    = {3-4},
  year      = {2009},
  pages     = {157-288},
  ee        = {http://dx.doi.org/10.1561/0400000025},
  bibsource = {DBLP, http://dblp.uni-trier.de}
}

@article{drineas2011note,
  title={A note on element-wise matrix sparsification via a matrix-valued Bernstein inequality},
  author={Drineas, Petros and Zouzias, Anastasios},
  journal={Information Processing Letters},
  volume={111},
  number={8},
  pages={385--389},
  year={2011},
  publisher={Elsevier}
}

@article{achlioptas2013near,
  title={Near-optimal distributions for data matrix sampling},
  author={Achlioptas, Dimitris and Karnin, Zohar and Liberty, Edo},
  journal={Advances in Neural Information Processing Systems},
  volume={73},
  year={2013},
  publisher={Citeseer}
}

@article{spielman2004smoothedsimplex,
	author = {Spielman, Daniel A. and Teng, Shang-Hua},
	title = {Smoothed Analysis of Algorithms: Why the Simplex Algorithm Usually Takes Polynomial Time},
	journal = {J. ACM},
	issue_date = {May 2004},
	volume = {51},
	number = {3},
	month = may,
	year = {2004},
	pages = {385--463},
	numpages = {79},
	doi = {10.1145/990308.990310},
	publisher = {ACM},
	address = {New York, NY, USA},
} 


@article{pataki1998rank,
	Title                    = {On the rank of extreme matrices in semidefinite programs and the multiplicity of optimal eigenvalues},
	Author                   = {Pataki, G.},
	Journal                  = {Mathematics of operations research},
	Year                     = {1998},
	Number                   = {2},
	Pages                    = {339--358},
	Volume                   = {23},
	
	Doi                      = {10.1287/moor.23.2.339},
	Publisher                = {INFORMS}
}

@article{barvinok1995problems,
	Title                    = {Problems of distance geometry and convex properties of quadratic maps},
	Author                   = {Barvinok, A.I.},
	Journal                  = {Discrete \& Computational Geometry},
	Year                     = {1995},
	Number                   = {1},
	Pages                    = {189--202},
	Volume                   = {13},
	
	Doi                      = {10.1007/BF02574037},
	Publisher                = {Springer-Verlag}
}

@article{wolkowicz1981optimization,
	title={Some applications of optimization in matrix theory},
	author={Wolkowicz, H.},
	journal={Linear algebra and its applications},
	volume={40},
	pages={101--118},
	year={1981},
	publisher={Elsevier}
}
<<<<<<< HEAD
@inproceedings{lee2015faster,
  title={A faster cutting plane method and its implications for combinatorial and convex optimization},
  author={Lee, Yin Tat and Sidford, Aaron and Wong, Sam Chiu-wai},
  booktitle={Foundations of Computer Science (FOCS), 2015 IEEE 56th Annual Symposium on},
  pages={1049--1065},
  year={2015},
  organization={IEEE}
}
@inproceedings{bhojanapalli2016global,
  title={Global optimality of local search for low rank matrix recovery},
  author={Bhojanapalli, Srinadh and Neyshabur, Behnam and Srebro, Nati},
  booktitle={Advances in Neural Information Processing Systems},
  pages={3873--3881},
  year={2016}
}
@inproceedings{ge2017no,
  title={No Spurious Local Minima in Nonconvex Low Rank Problems: A Unified Geometric Analysis},
  author={Ge, Rong and Jin, Chi and Zheng, Yi},
  booktitle={International Conference on Machine Learning},
  pages={1233--1242},
  year={2017}
}

@inproceedings{park2017non,
  title={Non-square matrix sensing without spurious local minima via the Burer-Monteiro approach},
  author={Park, Dohyung and Kyrillidis, Anastasios and Carmanis, Constantine and Sanghavi, Sujay},
  booktitle={Artificial Intelligence and Statistics},
  pages={65--74},
  year={2017}
}
@article{zhu2017global,
  title={Global optimality in low-rank matrix optimization},
  author={Zhu, Zhihui and Li, Qiuwei and Tang, Gongguo and Wakin, Michael B},
  journal={arXiv preprint arXiv:1702.07945},
  year={2017}
}

@inproceedings{ge2017optimization,
  title={On the Optimization Landscape of Tensor Decompositions},
  author={Ge, Rong and Ma, Tengyu},
  booktitle={Advances in Neural Information Processing Systems},
  pages={3656--3666},
  year={2017}
}

@Article{helmke1995matrixlsq,
	author  = {Helmke, U. and Shayman, M.A.},
	title   = {Critical points of matrix least squares distance functions},
	journal = {Linear Algebra and its Applications},
	year    = {1995},
	volume  = {215},
	pages   = {1--19},
	doi     = {https://doi.org/10.1016/0024-3795(93)00070-G},
}
@article{anstreicher2000volumetric,
  title={The volumetric barrier for semidefinite programming},
  author={Anstreicher, Kurt M},
  journal={Mathematics of Operations Research},
  volume={25},
  number={3},
  pages={365--380},
  year={2000},
  publisher={INFORMS}
}
@article{krishnan2003properties,
  title={Properties of a cutting plane method for semidefinite programming},
  author={Krishnan, Kartik and Mitchell, John E},
  year={2003}
}
@article{garber2016sublinear,
  title={Sublinear time algorithms for approximate semidefinite programming},
  author={Garber, Dan and Hazan, Elad},
  journal={Mathematical Programming},
  volume={158},
  number={1-2},
  pages={329--361},
  year={2016},
  publisher={Springer}
}
@inproceedings{garber2016faster,
  title={Faster projection-free convex optimization over the spectrahedron},
  author={Garber, Dan},
  booktitle={Advances in Neural Information Processing Systems},
  pages={874--882},
  year={2016}
}
@inproceedings{yurtsever2017sketchy,
  title={Sketchy Decisions: Convex Low-Rank Matrix Optimization with Optimal Storage},
  author={Yurtsever, Alp and Udell, Madeleine and Tropp, Joel and Cevher, Volkan},
  booktitle={Artificial Intelligence and Statistics},
  pages={1188--1196},
  year={2017}
}
@article{lanckriet2004learning,
  title={Learning the kernel matrix with semidefinite programming},
  author={Lanckriet, Gert RG and Cristianini, Nello and Bartlett, Peter and Ghaoui, Laurent El and Jordan, Michael I},
  journal={Journal of Machine learning research},
  volume={5},
  number={Jan},
  pages={27--72},
  year={2004}
}
@article{abbe2017community,
  title={Community detection and stochastic block models: recent developments},
  author={Abbe, Emmanuel},
  journal={arXiv preprint arXiv:1703.10146},
  year={2017}
}
@inproceedings{barak2015dictionary,
  title={Dictionary learning and tensor decomposition via the sum-of-squares method},
  author={Barak, Boaz and Kelner, Jonathan A and Steurer, David},
  booktitle={Proceedings of the forty-seventh annual ACM symposium on Theory of computing},
  pages={143--151},
  year={2015},
  organization={ACM}
}

@article{natarajan1995sparse,
  title={Sparse approximate solutions to linear systems},
  author={Natarajan, Balas Kausik},
  journal={SIAM journal on computing},
  volume={24},
  number={2},
  pages={227--234},
  year={1995},
  publisher={SIAM}
}

@misc{vershynin2016high,
	title={High-Dimensional Probability},
	author={Vershynin, R.},
	year={2016}
}

@book{bhatia2013matrix,
	title={Matrix analysis},
	author={Bhatia, R.},
	volume={169},
	year={2013},
	publisher={Springer Science \& Business Media}
}
@article{vandenberghe1996semidefinite,
  title={Semidefinite programming},
  author={Vandenberghe, Lieven and Boyd, Stephen},
  journal={SIAM review},
  volume={38},
  number={1},
  pages={49--95},
  year={1996},
  publisher={SIAM}
}
@article{boumal2016globalrates,
  author  = {Boumal, N. and Absil, P.-A. and Cartis, C.},
title   = {Global rates of convergence for nonconvex optimization on manifolds},
journal = {IMA Journal of Numerical Analysis},
year    = {2018},
doi     = {10.1093/imanum/drx080},
}
@inproceedings{foygel2011concentration,
  title={Concentration-based guarantees for low-rank matrix reconstruction},
  author={Foygel, Rina and Srebro, Nathan},
  booktitle={Proceedings of the 24th Annual Conference on Learning Theory},
  pages={315--340},
  year={2011}
}

@book{gartner2012approximation,
  title={Approximation algorithms and semidefinite programming},
  author={G{\"a}rtner, Bernd and Matousek, Jiri},
  year={2012},
  publisher={Springer Science \& Business Media}
}

@Book{birgin2014ALM,
	title     = {Practical Augmented {L}agrangian Methods for Constrained Optimization},
	publisher = {Society for Industrial and Applied Mathematics},
	year      = {2014},
	author    = {Birgin, E. and Martínez, J.},
	address   = {Philadelphia, PA},
	doi       = {10.1137/1.9781611973365},
}
@article{du2018power,
  title={On the Power of Over-parametrization in Neural Networks with Quadratic Activation},
  author={Du, Simon S and Lee, Jason D},
  journal={arXiv preprint arXiv:1803.01206},
  year={2018}
}
@book{bertsekas2014constrained,
  title={Constrained optimization and Lagrange multiplier methods},
  author={Bertsekas, Dimitri P},
  year={2014},
  publisher={Academic press}
}
