@inproceedings{Auer16AA,
  title={\href{https://arxiv.org/pdf/1605.08722.pdf}{An algorithm with nearly optimal pseudo-regret for both stochastic and adversarial bandits}},
  author={Auer, Peter and Chiang, Chao-Kai},
  booktitle={Conference on Learning Theory and arXiv preprint {\normalfont \texttt{arXiv:1605.08722}}},
  year={2016}
}

@article{Mannor04SC,
	title={\href{http://www.jmlr.org/papers/volume5/mannor04b/mannor04b.pdf}{The sample complexity of exploration in the multi-armed bandit problem}},
	author={Mannor, Shie and Tsitsiklis, John N.},
	journal={Journal of Machine Learning Research},
	volume={5},
	number={Jun},
	year={2004}
}


@article{Kaas80MM,
	title={\href{https://doi.org/10.1111/j.1467-9574.1980.tb00681.x}{Mean, median and mode in binomial distributions}},
	author={Kaas, Rob and Buhrman, Jan M.},
	journal={Statistica Neerlandica},
	volume={34},
	number={1},
	pages={13--18},
	year={1980}
}

@inproceedings{Jamieson16NS,
	title={\href{http://proceedings.mlr.press/v51/jamieson16.pdf}{Non-stochastic best-arm identification and hyperparameter optimization}},
	author={Jamieson, Kevin and Talwalkar, Ameet},
	booktitle={International Conference on 
Artificial Intelligence and Statistics},
	year={2016}
}

@inproceedings{Bubeck12BB,
	title={\href{http://proceedings.mlr.press/v23/bubeck12b/bubeck12b.pdf}{The best of both worlds: stochastic and adversarial bandits}},
	author={Bubeck, S{\'e}bastien and Slivkins, Aleksandrs},
	booktitle={Conference on Learning Theory},
	year={2012}
}

@inproceedings{Seldin14OP,
	title={\href{http://proceedings.mlr.press/v32/seldinb14.pdf}{One practical algorithm for both stochastic and adversarial bandits}},
	author={Seldin, Yevgeny and Slivkins, Aleksandrs},
	booktitle={International Conference on Machine Learning},
	year={2014}
}


@inproceedings{Seldin17IP,
	author    = {Yevgeny Seldin and
	G{\'{a}}bor Lugosi},
	title     = {\href{http://proceedings.mlr.press/v65/seldin17a/seldin17a.pdf}{An improved parametrization and analysis of the \texttt{{EXP3++}} algorithm
	for stochastic and adversarial bandits}},
	booktitle = {Conference on Learning Theory},
	year      = {2017}
}



@inproceedings{Audibert10BA,
	Author = {Jean-Yves Audibert and S{\'e}bastien Bubeck and R{\'e}mi Munos},
	Booktitle = {Conference on Learning Theory},
	Title = {\href{http://www.learningtheory.org/colt2010/papers/59Audibert.pdf}{Best-arm identification in multi-armed bandits}},
	Year = {2010}
}

@inproceedings{Bubeck09PE,
	Author = {S{\'e}bastien Bubeck and R{\'e}mi Munos and Gilles Stoltz},
	Booktitle = {Algorithmic Learning Theory},
	Title = {\href{https://doi.org/10.1007/978-3-642-04414-4_7}{Pure exploration in multi-armed bandit problems}},
	Year = {2009}
}

@inproceedings{Karnin13AO,
	title={\href{http://proceedings.mlr.press/v28/karnin13.pdf}{Almost optimal exploration in multi-armed bandits}},
	author={Karnin, Zohar and Koren, Tomer and Somekh, Oren},
	booktitle={International Conference on Machine Learning},
	year={2013}
}

@inproceedings{Carpentier16TB,
	title={\href{http://proceedings.mlr.press/v49/carpentier16.pdf}{Tight (lower) bounds for the fixed budget best-arm identification bandit problem}},
	author={Carpentier, Alexandra and Locatelli, Andrea},
	booktitle={Conference on Learning Theory},
	year={2016}
}

@article{Allesiardo17NS,
	title={\href{https://doi.org/10.1007/s41060-017-0050-5}{The non-stationary stochastic multi-armed bandit problem}},
	author={Allesiardo, Robin and F{\'e}raud, Rapha{\"e}l and Maillard, Odalric-Ambrym},
	journal={International Journal of Data Science and Analytics},
	year={2017}	
}

@inproceedings{Allesiardo2017SL,
	title={\href{https://ieeexplore.ieee.org/document/7965962/}{Selection of learning experts}},
	author={Allesiardo, Robin and F{\'e}raud, Rapha{\"e}l},
	booktitle={International Joint Conference on Neural Networks},
	year={2017}
	}


@article{Freedman75OT,
	title={\href{https://projecteuclid.org/euclid.aop/1176996452}{On tail probabilities for martingales}},
	author={Freedman, David A.},
	journal={The Annals of Probability},
	pages={100--118},
	year={1975}
}

@article{Maurer03AB,
	title={\href{}{A bound on the deviation probability for sums of non-negative random variables}},
	author={Maurer, Andreas},
	journal={Journal of Inequalities in Pure \& Applied Mathematics},
	volume={4},
	number={1},
	year={2003}
}


@article{Shamir11AV,
	title={\href{}{A Variant of Azuma's inequality for martingales with sub-Gaussian tails}},
	author={Shamir, Ohad},
	journal={arXiv preprint {\normalfont\texttt{arXiv:1110.2392}}},
	year={2011}
}

@inproceedings{Garivier16OB,
	title={\href{http://proceedings.mlr.press/v49/garivier16a.pdf}{Optimal best-arm identification with fixed confidence}},
	author={Garivier, Aur{\'e}lien and Kaufmann, Emilie},
	booktitle={Conference on Learning Theory},

	year={2016}
}

@inproceedings{Kaufmann13IC,
	title={\href{http://proceedings.mlr.press/v30/Kaufmann13.pdf}{Information complexity in bandit subset selection}},
	author={Kaufmann, Emilie and Kalyanakrishnan, Shivaram},
	booktitle={Conference on Learning Theory},
	year={2013}
}


@inproceedings{Maron93HR,
	Author = {Oded Maron and Andrew Moore},
	Booktitle = {Neural Information Processing Systems},
	Title = {\href{https://papers.nips.cc/paper/841-hoeffding-races-accelerating-model-selection-search-for-classification-and-function-approximation.pdf}{
	Hoeffding Races: Accelerating model-selection search for classification and function approximation}},
	Year = {1993}}

@inproceedings{Mnih08EB,
	Author = {Volodymyr Mnih and Csaba Szepesv\'{a}ri and Jean-Yves Audibert},
	Booktitle = {International Conference on Machine Learning},
	Title = {\href{http://icml2008.cs.helsinki.fi/papers/523.pdf}{Empirical {B}ernstein stopping}},
	Year = {2008}}

@article{Even-Dar06AE,
	Author = {Eyal Even-Dar and Shie Mannor and Yishay Mansour},
	Journal = {Journal of Machine Learning Research},
	Pages = {1079-1105},
	Title = {\href{http://jmlr.csail.mit.edu/papers/volume7/evendar06a/evendar06a.pdf}{Action elimination and stopping conditions for the multi-armed Bandit and reinforcement-learning problems}},
	Volume = {7},
	Year = {2006}}

@inproceedings{Kalyanakrishnan12PA,
	Author = {Shivaram Kalyanakrishnan and Ambuj Tewari and Peter Auer and Peter Stone},
	Booktitle = {International Conference on Machine Learning},
	Title = {\href{https://www.cse.iitb.ac.in/~shivaram/papers/ktas_icml_2012.pdf}{PAC subset selection in stochastic multi-armed bandits}},
	Year = {2012}}


@inproceedings{Locatelli16AO,
title={\href{http://proceedings.mlr.press/v48/locatelli16-supp.pdf}{An optimal algorithm for the thresholding bandit problem}},
author={Locatelli, Andrea and Gutzeit, Maurilio and Carpentier, Alexandra},
booktitle={International Conference on Machine Learning},
year={2016}
}

@inproceedings{Bubeck12MI,
title={\href{http://proceedings.mlr.press/v28/bubeck13.pdf}{Multiple identifications in multi-armed bandits}},
author={Bubeck, S{\'e}bastian and Wang, Tengyao and Viswanathan, Nitin},
booktitle={International Conference on Machine Learning},
year={2013}
}

@article{Bubeck12RA,
	title={\href{https://arxiv.org/pdf/1204.5721.pdf}{Regret analysis of stochastic and nonstochastic multi-armed bandit problems}},
	author={Bubeck, S{\'e}bastien and Cesa-Bianchi, Nicol{\`o}},
	journal={Foundations and Trends in Machine Learning},
	volume={5},
	number={1},
	year={2012}
}

@article{Li16HA,
	title={\href{https://arxiv.org/pdf/1603.06560.pdf}{{\tt Hyperband}: A novel bandit-based approach to hyperparameter optimization}},
	author={Li, Lisha and Jamieson, Kevin and DeSalvo, Giulia and Rostamizadeh, Afshin and Talwalkar, Ameet},
	journal={arXiv preprint {\normalfont\texttt{arXiv:1603.06560}}},
	year={2016}
}

@article{Auer02NM,
	title={\href{http://rob.schapire.net/papers/AuerCeFrSc01.pdf}{The nonstochastic multi-armed bandit problem}},
	author={Auer, Peter and Cesa-Bianchi, Nicol{\`o} and Freund, Yoav and Schapire, Robert E.},
	journal={SIAM Journal on Computing},
	volume={32},
	number={1},
	year={2002}
}

@inproceedings{Gabillon11MB,
	title={\href{https://papers.nips.cc/paper/4478-multi-bandit-best-arm-identification.pdf}{Multi-bandit best-arm identification}},
	author={Gabillon, Victor and Ghavamzadeh, Mohammad and Lazaric, Alessandro and Bubeck, S{\'e}bastien},
	booktitle={Neural Information Processing Systems},
	year={2011}
}

@article{Altschuler18BA,
	title={\href{https://arxiv.org/pdf/1802.09514.pdf}{Best-arm identification for contaminated bandits}},
	author={Altschuler, Jason and Brunel, Victor-Emmanuel and Malek, Alan},
	journal={arXiv preprint {\normalfont\texttt{arXiv:1802.09514}}},
	year={2018}
}

@inproceedings{carpentier2014extreme,
abstract = {In many areas of medicine, security, and life sciences, we want to allocate limited resources to different sources in order to detect extreme values. In this paper, we study an efficient way to allocate these resources sequentially under limited feedback. While sequential design of experiments is well studied in bandit theory, the most commonly optimized property is the regret with respect to the maximum mean reward. However, in other problems such as network intrusion detection, we are interested in detecting the most extreme value output by the sources. Therefore, in our work we study extreme regret which measures the efficiency of an algorithm compared to the oracle policy selecting the source with the heaviest tail. We propose the ExtremeHunter algorithm, provide its analysis, and evaluate it empirically on synthetic and real-world experiments.},
author = {Carpentier, Alexandra and Valko, Michal},
booktitle = {Neural Information Processing Systems},
file = {:Users/miki/Library/Application Support/Mendeley Desktop/Downloaded/Carpentier, Valko - 2014 - Extreme bandits.pdf:pdf},
	title={\href{https://papers.nips.cc/paper/5379-extreme-bandits.pdf}{Extreme bandits}},
year = {2014}
}


