@Comment custom bibtex entries (not from any well known repository like dblp, mr, zblatt, scholar)

@book{lasserre2015introduction,
  title={An Introduction to Polynomial and Semi-Algebraic Optimization},
  author={Lasserre, Jean Bernard},
  number={52},
  year={2015},
  publisher={Cambridge University Press}
}
@inproceedings{DBLP:conf/colt/AchlioptasM05,
  author    = {Dimitris Achlioptas and
               Frank McSherry},
  title     = {On Spectral Learning of Mixtures of Distributions},
  booktitle = {18th Annual Conference on Learning Theory},
  pages     = {458--469},
  year      = {2005},
  crossref  = {DBLP:conf/colt/2005},
  timestamp = {Tue, 30 May 2017 16:36:53 +0200},
  biburl    = {http://dblp.org/rec/bib/conf/colt/AchlioptasM05},
  bibsource = {dblp computer science bibliography, http://dblp.org}
}
@inproceedings{DBLP:conf/focs/AroraGM12,
  author    = {Sanjeev Arora and
               Rong Ge and
               Ankur Moitra},
  title     = {Learning Topic Models - Going beyond {SVD}},
  booktitle = {53rd Annual {IEEE} Symposium on Foundations of Computer Science, {FOCS}
               2012, New Brunswick, NJ, USA, October 20-23, 2012},
  pages     = {1--10},
  year      = {2012},
  crossref  = {DBLP:conf/focs/2012},
  url       = {https://doi.org/10.1109/FOCS.2012.49},
  doi       = {10.1109/FOCS.2012.49},
  timestamp = {Fri, 19 May 2017 01:26:00 +0200},
  biburl    = {http://dblp.org/rec/bib/conf/focs/AroraGM12},
  bibsource = {dblp computer science bibliography, http://dblp.org}
}

@inproceedings{DBLP:conf/colt/AroraGM14,
  author    = {Sanjeev Arora and
               Rong Ge and
               Ankur Moitra},
  title     = {New Algorithms for Learning Incoherent and Overcomplete Dictionaries},
  booktitle = {Proceedings of The 27th Conference on Learning Theory, {COLT} 2014,
               Barcelona, Spain, June 13-15, 2014},
  pages     = {779--806},
  year      = {2014},
  crossref  = {DBLP:conf/colt/2014},
  url       = {http://jmlr.org/proceedings/papers/v35/arora14.html},
  timestamp = {Tue, 03 Jan 2017 13:40:36 +0100},
  biburl    = {http://dblp.org/rec/bib/conf/colt/AroraGM14},
  bibsource = {dblp computer science bibliography, http://dblp.org}
}

@inproceedings{DBLP:conf/focs/BelkinS10,
  author    = {Mikhail Belkin and
               Kaushik Sinha},
  title     = {Polynomial Learning of Distribution Families},
  booktitle = {51th Annual {IEEE} Symposium on Foundations of Computer Science, {FOCS}
               2010, October 23-26, 2010, Las Vegas, Nevada, {USA}},
  pages     = {103--112},
  year      = {2010},
  crossref  = {DBLP:conf/focs/2010},
  url       = {https://doi.org/10.1109/FOCS.2010.16},
  doi       = {10.1109/FOCS.2010.16},
  timestamp = {Fri, 19 May 2017 01:25:58 +0200},
  biburl    = {http://dblp.org/rec/bib/conf/focs/BelkinS10},
  bibsource = {dblp computer science bibliography, http://dblp.org}
}

@article{DBLP:journals/siamcomp/KannanSV08,
  author    = {Ravindran Kannan and
               Hadi Salmasian and
               Santosh Vempala},
  title     = {The Spectral Method for General Mixture Models},
  journal   = {{SIAM} J. Comput.},
  volume    = {38},
  number    = {3},
  pages     = {1141--1156},
  year      = {2008},
  url       = {https://doi.org/10.1137/S0097539704445925},
  doi       = {10.1137/S0097539704445925},
  timestamp = {Sat, 27 May 2017 14:23:00 +0200},
  biburl    = {http://dblp.org/rec/bib/journals/siamcomp/KannanSV08},
  bibsource = {dblp computer science bibliography, http://dblp.org}
}

@article{DBLP:journals/corr/abs-1711-07454,
  author    = {Samuel B. Hopkins and
               Jerry Li},
  title     = {Mixture Models, Robustness, and Sum of Squares Proofs},
  journal   = {CoRR},
  volume    = {abs/1711.07454},
  year      = {2017},
  archivePrefix = {arXiv},
  eprint    = {1711.07454},
  timestamp = {Thu, 28 Dec 2017 17:32:48 +0100},
  biburl    = {http://dblp.org/rec/bib/journals/corr/abs-1711-07454},
  bibsource = {dblp computer science bibliography, http://dblp.org}
}
@inproceedings{DBLP:conf/focs/Dasgupta99,
  author    = {Sanjoy Dasgupta},
  title     = {Learning Mixtures of Gaussians},
  booktitle = {FOCS},
  pages     = {634--644},
  year      = {1999},
  crossref  = {DBLP:conf/focs/1999},
  timestamp = {Fri, 19 May 2017 01:25:59 +0200},
  biburl    = {http://dblp.org/rec/bib/conf/focs/Dasgupta99},
  bibsource = {dblp computer science bibliography, http://dblp.org}
}
@article{DBLP:journals/corr/abs-1711-07211,
  author    = {Ilias Diakonikolas and
               Daniel M. Kane and
               Alistair Stewart},
  title     = {List-Decodable Robust Mean Estimation and Learning Mixtures of Spherical
               Gaussians},
  journal   = {CoRR},
  volume    = {abs/1711.07211},
  year      = {2017},
  archivePrefix = {arXiv},
  eprint    = {1711.07211},
  timestamp = {Sun, 03 Dec 2017 12:38:15 +0100},
  biburl    = {http://dblp.org/rec/bib/journals/corr/abs-1711-07211},
  bibsource = {dblp computer science bibliography, http://dblp.org}
}

@inproceedings{DBLP:conf/nca/GashiSLT09,
  author    = {Ilir Gashi and
               Vladimir Stankovic and
               Corrado Leita and
               Olivier Thonnard},
  title     = {An Experimental Study of Diversity with Off-the-Shelf AntiVirus Engines},
  booktitle = {Proceedings of The Eighth {IEEE} International Symposium on Networking
               Computing and Applications, {NCA} 2009, July 9-11, 2009, Cambridge,
               Massachusetts, {USA}},
  pages     = {4--11},
  year      = {2009},
  crossref  = {DBLP:conf/nca/2009},
  timestamp = {Tue, 30 Jan 2018 14:44:38 +0100},
  biburl    = {http://dblp.org/rec/bib/conf/nca/GashiSLT09},
  bibsource = {dblp computer science bibliography, http://dblp.org}
}
@article{DBLP:journals/corr/abs-1711-07465,
  author    = {Pravesh K. Kothari and
               Jacob Steinhardt},
  title     = {Better Agnostic Clustering Via Relaxed Tensor Norms},
  journal   = {CoRR},
  volume    = {abs/1711.07465},
  year      = {2017},
  archivePrefix = {arXiv},
  eprint    = {1711.07465},
  timestamp = {Sun, 03 Dec 2017 12:38:15 +0100},
  biburl    = {http://dblp.org/rec/bib/journals/corr/abs-1711-07465},
  bibsource = {dblp computer science bibliography, http://dblp.org}
}

@inproceedings{DBLP:conf/icml/0001JZ17,
  author    = {Rong Ge and
               Chi Jin and
               Yi Zheng},
  title     = {No Spurious Local Minima in Nonconvex Low Rank Problems: {A} Unified
               Geometric Analysis},
  booktitle = {ICML},
  pages     = {1233--1242},
  year      = {2017},
  crossref  = {DBLP:conf/icml/2017},
  timestamp = {Wed, 16 Aug 2017 11:08:55 +0200},
  biburl    = {http://dblp.org/rec/bib/conf/icml/0001JZ17},
  bibsource = {dblp computer science bibliography, http://dblp.org}
}

@inproceedings{DBLP:conf/nips/GeLM16,
  author    = {Rong Ge and
               Jason D. Lee and
               Tengyu Ma},
  title     = {Matrix Completion has No Spurious Local Minimum},
  booktitle = {Advances in Neural Information Processing Systems 29: Annual Conference
               on Neural Information Processing Systems 2016, December 5-10, 2016,
               Barcelona, Spain},
  pages     = {2973--2981},
  year      = {2016},
  crossref  = {DBLP:conf/nips/2016},
  url       = {http://papers.nips.cc/paper/6048-matrix-completion-has-no-spurious-local-minimum},
  timestamp = {Fri, 03 Mar 2017 14:59:41 +0100},
  biburl    = {http://dblp.org/rec/bib/conf/nips/GeLM16},
  bibsource = {dblp computer science bibliography, http://dblp.org}
}

@inproceedings{DBLP:conf/aistats/ParkKCS17,
  author    = {Dohyung Park and
               Anastasios Kyrillidis and
               Constantine Caramanis and
               Sujay Sanghavi},
  title     = {Non-square matrix sensing without spurious local minima via the Burer-Monteiro
               approach},
  booktitle = {AISTATS},
  pages     = {65--74},
  year      = {2017},
  crossref  = {DBLP:conf/aistats/2017},
  timestamp = {Wed, 16 Aug 2017 11:08:55 +0200},
  biburl    = {http://dblp.org/rec/bib/conf/aistats/ParkKCS17},
  bibsource = {dblp computer science bibliography, http://dblp.org}
}

@inproceedings{DBLP:conf/nips/BhojanapalliNS16,
  author    = {Srinadh Bhojanapalli and
               Behnam Neyshabur and
               Nathan Srebro},
  title     = {Global Optimality of Local Search for Low Rank Matrix Recovery},
  booktitle = {NIPS},
  pages     = {3873--3881},
  year      = {2016},
  crossref  = {DBLP:conf/nips/2016},
  timestamp = {Fri, 03 Mar 2017 14:59:41 +0100},
  biburl    = {http://dblp.org/rec/bib/conf/nips/BhojanapalliNS16},
  bibsource = {dblp computer science bibliography, http://dblp.org}
}

@article{DBLP:journals/tit/SunQW17,
  author    = {Ju Sun and
               Qing Qu and
               John Wright},
  title     = {Complete Dictionary Recovery Over the Sphere {I:} Overview and the
               Geometric Picture},
  journal   = {{IEEE} Trans. Information Theory},
  volume    = {63},
  number    = {2},
  pages     = {853--884},
  year      = {2017},
  timestamp = {Wed, 26 Jul 2017 18:02:01 +0200},
  biburl    = {http://dblp.org/rec/bib/journals/tit/SunQW17},
  bibsource = {dblp computer science bibliography, http://dblp.org}
}

@inproceedings{DBLP:conf/colt/GeHJY15,
  author    = {Rong Ge and
               Furong Huang and
               Chi Jin and
               Yang Yuan},
  title     = {Escaping From Saddle Points - Online Stochastic Gradient for Tensor
               Decomposition},
  booktitle = {Proceedings of The 28th Conference on Learning Theory, {COLT} 2015,
               Paris, France, July 3-6, 2015},
  pages     = {797--842},
  year      = {2015},
  crossref  = {DBLP:conf/colt/2015},
  url       = {http://jmlr.org/proceedings/papers/v40/Ge15.html},
  timestamp = {Tue, 03 Jan 2017 13:44:56 +0100},
  biburl    = {http://dblp.org/rec/bib/conf/colt/GeHJY15},
  bibsource = {dblp computer science bibliography, http://dblp.org}
}

@inproceedings{conf/nips/Kleinberg02,
  added-at = {2014-12-10T00:00:00.000+0100},
  author = {Kleinberg, Jon M.},
  biburl = {https://www.bibsonomy.org/bibtex/23491249dbb3612a48ce548fe65db75c5/dblp},
  booktitle = {NIPS},
  crossref = {conf/nips/2002},
  ee = {http://papers.nips.cc/paper/2340-an-impossibility-theorem-for-clustering},
  interhash = {9fbd4655a25f8fe1bcaa1f48c4fa4b87},
  intrahash = {3491249dbb3612a48ce548fe65db75c5},
  keywords = {dblp},
  pages = {446-453},
  timestamp = {2015-06-19T08:21:33.000+0200},
  title = {An Impossibility Theorem for Clustering.},
  year = 2002
}



@article {Abdelmoula12244,
	author = {Abdelmoula, Walid M. and Balluff, Benjamin and Englert, Sonja and Dijkstra, Jouke and Reinders, Marcel J. T. and Walch, Axel and McDonnell, Liam A. and Lelieveldt, Boudewijn P. F.},
	title = {Data-driven identification of prognostic tumor subpopulations using spatially mapped t-SNE of mass spectrometry imaging data},
	volume = {113},
	number = {43},
	pages = {12244--12249},
	year = {2016},
	publisher = {National Academy of Sciences},
	eprint = {http://www.pnas.org/content/113/43/12244.full.pdf},
	journal = {Proceedings of the National Academy of Sciences}
}


@article{WallachLilien2009,
author = {Izhar Wallach and Ryan Lilien},
title  =  {The Protein-Small-Molecule Database (PSMDB), A Non-Redundant Structural Resource for the Analysis of Protein-Ligand Binding},
journal = {Bioinformatics, 25(5):615-20},
year =  {2009}
}


@inproceedings{conf/ismir/HamelE10,
  added-at = {2011-08-15T00:00:00.000+0200},
  author = {Hamel, Philippe and Eck, Douglas},
  biburl = {https://www.bibsonomy.org/bibtex/29f32a24e9b7d8e1bd7e531bc41f18ff5/dblp},
  booktitle = {ISMIR},
  crossref = {conf/ismir/2010},
  ee = {http://ismir2010.ismir.net/proceedings/ismir2010-58.pdf},
  interhash = {e3ff6139b2790954c0451d6f969dc16b},
  intrahash = {9f32a24e9b7d8e1bd7e531bc41f18ff5},
  keywords = {dblp},
  pages = {339-344},
  publisher = {International Society for Music Information Retrieval},
  timestamp = {2011-08-16T11:38:47.000+0200},
  title = {Learning Features from Music Audio with Deep Belief Networks.},
  year = 2010
}



@inproceedings{DBLP:conf/nips/HintonR02,
  author    = {Geoffrey E. Hinton and
               Sam T. Roweis},
  title     = {Stochastic Neighbor Embedding},
  booktitle = {NIPS},
  pages     = {833--840},
  year      = {2002},
  crossref  = {DBLP:conf/nips/2002},
  timestamp = {Thu, 11 Dec 2014 17:34:07 +0100},
  bibsource = {dblp computer science bibliography, http://dblp.org}
}

@article{arora2005learning,
	title={Learning mixtures of separated nonspherical Gaussians},
	author={Arora, Sanjeev and Kannan, Ravi},
	journal={The Annals of Applied Probability},
	volume={15},
	number={1A},
	pages={69--92},
	year={2005},
	publisher={Institute of Mathematical Statistics}
}

@article{reznick2000some,
  title={Some concrete aspects of Hilbert's 17th problem},
  author={Reznick, Bruce},
  journal={Contemporary Mathematics},
  volume={253},
  pages={251--272},
  year={2000},
  publisher={Providence, RI: American Mathematical Society}
}

@article{prekopa73,
	title={On logarithmic concave measures and functions},
	author={Pr\'ekopa, Andr\'as},
	journal={Acta Scientiarum Mathematicarum},
	volume={34},
	pages={335--343},
	year={1973}
}

@article{brandao2016mathematics,
  title={The Mathematics of Entanglement},
  author={Brandao, Fernando GSL and Christandl, Matthias and Harrow, Aram W and Walter, Michael},
  journal={arXiv preprint arXiv:1604.01790},
  year={2016}
}

@misc{sos-lecture-notes,
  title = {Proofs, beliefs, and algorithms through the lens of sum-of-squares},
  author = {Boaz Barak and Pravesh Kothari and David Steurer},
  note = {Lecture notes in preparation, available on \url{http://sumofsquares.org}.},
  year = {2016},
}
  

@inproceedings{gurvits2003classical,
  title={Classical deterministic complexity of Edmonds' Problem and quantum entanglement},
  author={Gurvits, Leonid},
  booktitle={Proceedings of the thirty-fifth annual ACM symposium on Theory of computing},
  pages={10--19},
  year={2003},
  organization={ACM}
}


@article{gharibian2010strong,
  title={Strong NP-hardness of the quantum separability problem},
  author={Gharibian, Sevag},
  journal={Quantum Information \& Computation},
  volume={10},
  number={3},
  pages={343--360},
  year={2010},
  publisher={Rinton Press, Incorporated}
}

@inproceedings{blier2009all,
  title={All languages in NP have very short quantum proofs},
  author={Blier, Hugue and Tapp, Alain},
  booktitle={Quantum, Nano and Micro Technologies, 2009. ICQNM'09. Third International Conference on},
  pages={34--37},
  year={2009},
  organization={IEEE}
}

@article{doherty2004complete,
  title={Complete family of separability criteria},
  author={Doherty, Andrew C and Parrilo, Pablo A and Spedalieri, Federico M},
  journal={Physical Review A},
  volume={69},
  number={2},
  pages={022308},
  year={2004},
  publisher={APS}
}

@phdthesis{parrilo2000structured,
  title={Structured semidefinite programs and semialgebraic geometry methods in robustness and optimization},
  author={Parrilo, Pablo A},
  year={2000},
  school={Citeseer}
}


@inproceedings{Brandao:2011:QAQ:1993636.1993683,
 author = {Brand\~{a}o, Fernando G.S.L. and Christandl, Matthias and Yard, Jon},
 title = {A Quasipolynomial-time Algorithm for the Quantum Separability Problem},
 booktitle = {Proceedings of the Forty-third Annual ACM Symposium on Theory of Computing},
 series = {STOC '11},
 year = {2011},
 isbn = {978-1-4503-0691-1},
 location = {San Jose, California, USA},
 pages = {343--352},
 numpages = {10},
 url = {http://doi.acm.org/10.1145/1993636.1993683},
 doi = {10.1145/1993636.1993683},
 acmid = {1993683},
 publisher = {ACM},
 address = {New York, NY, USA},
 keywords = {conditional mutual information, interactive proofs, quantum computation, separability problem, squashed entanglement},
} 

@article{PhysRevLett.91.147902,
  title = {Efficient Classical Simulation of Slightly Entangled Quantum Computations},
  author = {Vidal, Guifr\'e},
  journal = {Phys. Rev. Lett.},
  volume = {91},
  issue = {14},
  pages = {147902},
  numpages = {4},
  year = {2003},
  month = {Oct},
  publisher = {American Physical Society},
  doi = {10.1103/PhysRevLett.91.147902},
  url = {http://link.aps.org/doi/10.1103/PhysRevLett.91.147902}
}


@article{lewenstein2000optimization,
  title={Optimization of entanglement witnesses},
  author={Lewenstein, Maciej and Kraus, B and Cirac, JI and Horodecki, P},
  journal={Physical Review A},
  volume={62},
  number={5},
  pages={052310},
  year={2000},
  publisher={APS}
}

@article{linderman2017clustering,
	title={Clustering with t-SNE, provably},
	author={Linderman, George C and Steinerberger, Stefan},
	journal={arXiv preprint arXiv:1706.02582},
	year={2017}
}

@article{van2008tsne,
	title={Visualizing data using t-SNE},
	author={van der Maaten, Laurens and Hinton, Geoffrey},
	journal={Journal of machine learning research},
	volume={9},
	number={Nov},
	pages={2579--2605},
	year={2008}
}

@article{van2014accelerating,
	title={Accelerating t-SNE using tree-based algorithms.},
	author={van der Maaten, Laurens},
	journal={Journal of machine learning research},
	volume={15},
	number={1},
	pages={3221--3245},
	year={2014}
}

@article{shaham2017stochastic,
	title={Stochastic neighbor embedding separates well-separated clusters},
	author={Shaham, Uri and Steinerberger, Stefan},
	journal={arXiv preprint arXiv:1702.02670},
	year={2017}
}