@article{shalev2011pegasos,
  title={Pegasos: Primal estimated sub-gradient solver for {SVM}},
  author={Shalev-Shwartz, S. and Singer, Y. and Srebro, N. and Cotter, A.},
  journal={Mathematical programming},
  volume={127},
  number={1},
  pages={3--30},
  year={2011},
  publisher={Springer}
}

@article{neyshabur2017exploring,
  title={Exploring Generalization in Deep Learning},
  author={Neyshabur, Behnam and Bhojanapalli, Srinadh and McAllester, David and Srebro, Nathan},
  journal={arXiv preprint arXiv:1706.08947},
  year={2017}
}

@inproceedings{hardt2016train,
  title={Train faster, generalize better: Stability of stochastic gradient descent},
  author={Hardt, Moritz and Recht, Ben and Singer, Yoram},
  booktitle={International Conference on Machine Learning},
  pages={1225--1234},
  year={2016}
}

@article{bartlett2017spectral,
  author    = {Peter Bartlett and
               Dylan J. Foster and
               Matus Telgarsky},
  title     = {Spectrally-normalized margin bounds for neural networks},
  journal   = {CoRR},
  volume    = {abs/1706.08498},
  year      = {2017},
}

@inproceedings{scholkopf2001generalized,
  title={A generalized representer theorem},
  author={Sch{\"o}lkopf, B. and Herbrich, R. and Smola, A. J.},
  booktitle={Computational learning theory},
  pages={416--426},
  year={2001},
  organization={Springer}
}

@inproceedings{queback,
  title={Back to the future: Radial Basis Function networks revisited},
  author={Que, Q. and Belkin, M.},
  booktitle={AISTATS},
  pages={1375--1383},
  year={2016}
}

@techreport{shewchuk1994introduction,
 author = {Shewchuk, J. R.},
 title = {An Introduction to the Conjugate Gradient Method Without the Agonizing Pain},
 year = {1994},
 source = {http://www.ncstrl.org:8900/ncstrl/servlet/search?formname=detail\&id=oai%3Ancstrlh%3Acmucs%3ACMU%2F%2FCS-94-125},
 publisher = {Carnegie Mellon University},
 address = {Pittsburgh, PA, USA},
} 


@article{kivinen2004online,
  title={Online learning with kernels},
  author={Kivinen, J. and Smola, A. J. and Williamson, R. C.},
  journal={Signal Processing, IEEE Transactions on},
  volume={52},
  number={8},
  pages={2165--2176},
  year={2004},
  publisher={IEEE}
}

%% Early Stopping and Generalization Error

@article{yao2007early,
  title={On early stopping in gradient descent learning},
  author={Yao, Y. and Rosasco, L. and Caponnetto, A.},
  journal={Constructive Approx.},
  volume={26},
  number={2},
  pages={289--315},
  year={2007},
  publisher={Springer}
}

@article{raskutti2014early,
  title={Early stopping and non-parametric regression: an optimal data-dependent stopping rule.},
  author={Raskutti, G. and Wainwright, M. and Yu, B.},
  journal={JMLR},
  volume={15},
  number={1},
  pages={335--366},
  year={2014}
}

@inproceedings{camoriano2016nytro,
  title={{NYTRO}: When Subsampling Meets Early Stopping},
  author={Camoriano, R. and Angles, T. and Rudi, A. and Rosasco, L.},
  booktitle={AISTATS},
  pages={1403--1411},
  year={2016}
}

@article{hardt2015train,
  title={Train faster, generalize better: Stability of stochastic gradient descent},
  author={Hardt, M. and Recht, B. and Singer, Y.},
  journal={arXiv preprint arXiv:1509.01240},
  year={2015}
}

@article{zhang2016understanding,
  title={Understanding deep learning requires rethinking generalization},
  author={Zhang, C. and Bengio, S. and Hardt, M. and Recht, B. and Vinyals, O.},
  journal={arXiv preprint arXiv:1611.03530},
  year={2016}
}


%% SVD + Nystrom

@article{halko2011finding,
  title={Finding structure with randomness: Probabilistic algorithms for constructing approximate matrix decompositions},
  author={Halko, Nathan and Martinsson, Per-Gunnar and Tropp, Joel A},
  journal={SIAM review},
  volume={53},
  number={2},
  pages={217--288},
  year={2011},
  publisher={SIAM}
}

@article{li2015large,
  title={Large-scale {N}ystr{\"o}m kernel matrix approximation using randomized {SVD}},
  author={Li, Mu and Bi, Wei and Kwok, James T and Lu, Bao-Liang},
  journal={Neural Networks and Learning Systems, IEEE Transactions on},
  volume={26},
  number={1},
  pages={152--164},
  year={2015},
  publisher={IEEE}
}

@inproceedings{williams2001using,
  title={Using the {N}ystr{\"o}m method to speed up kernel machines},
  author={Williams, Christopher and Seeger, Matthias},
  booktitle={NIPS},
  pages={682--688},
  year={2001}
}


@incollection{lecun2012efficient,
  title={Efficient backprop},
  author={LeCun, Yann A and Bottou, L{\'e}on and Orr, Genevieve B and M{\"u}ller, Klaus-Robert},
  booktitle={Neural networks: Tricks of the trade},
  pages={9--48},
  year={2012},
  publisher={Springer}
}

@article{murata1998statistical,
  title={A statistical study of on-line learning},
  author={Murata, Noboru},
  journal={Online Learning and Neural Networks. Cambridge University Press, Cambridge, UK},
  pages={63--92},
  year={1998}
}

@inproceedings{bousquet2008tradeoffs,
  title={The tradeoffs of large scale learning},
  author={Bousquet, Olivier and Bottou, L{\'e}on},
  booktitle={NIPS},
  pages={161--168},
  year={2008}
}

@inproceedings{takac2013mini,
  title={Mini-Batch Primal and Dual Methods for {SVM}s.},
  author={Tak{\'a}c, Martin and Bijral, Avleen Singh and Richt{\'a}rik, Peter and Srebro, Nati},
  booktitle={ICML (3)},
  pages={1022--1030},
  year={2013}
}

@inproceedings{frostig2015regularizing,
  title={Un-regularizing: approximate proximal point and faster stochastic algorithms for empirical risk minimization},
  author={Frostig, Roy and Ge, Rong and Kakade, Sham M and Sidford, Aaron},
  booktitle={ICML},
  year={2015}
}

@article{bousquet2002stability,
  title={Stability and generalization},
  author={Bousquet, Olivier and Elisseeff, Andr{\'e}},
  journal={JMLR},
  volume={2},
  pages={499--526},
  year={2002}
}

@article{szegedy2013intriguing,
  title={Intriguing properties of neural networks},
  author={Szegedy, Christian and Zaremba, Wojciech and Sutskever, Ilya and Bruna, Joan and Erhan, Dumitru and Goodfellow, Ian and Fergus, Rob},
  journal={arXiv preprint arXiv:1312.6199},
  year={2013}
}


@article{richardson1911approximate,
  title={The approximate arithmetical solution by finite differences of physical problems involving differential equations, with an application to the stresses in a masonry dam},
  author={Richardson, Lewis Fry},
  journal={Philosophical Transactions of the Royal Society of London. Series A},
  volume={210},
  pages={307--357},
  year={1911},
  publisher={JSTOR}
}

%% Kernel + SGD
@inproceedings{hsieh2008dual,
  title={A dual coordinate descent method for large-scale linear SVM},
  author={Hsieh, Cho-Jui and Chang, Kai-Wei and Lin, Chih-Jen and Keerthi, S Sathiya and Sundararajan, Sellamanickam},
  booktitle={ICML},
  pages={408--415},
  year={2008},
}

@article{engel2004kernel,
  title={The kernel recursive least-squares algorithm},
  author={Engel, Yaakov and Mannor, Shie and Meir, Ron},
  journal={IEEE Transactions on signal processing},
  volume={52},
  number={8},
  pages={2275--2285},
  year={2004},
  publisher={IEEE}
}

%% SGD Acceleration
@article{liu1989limited,
  title={On the limited memory BFGS method for large scale optimization},
  author={Liu, Dong C and Nocedal, Jorge},
  journal={Mathematical programming},
  volume={45},
  number={1-3},
  pages={503--528},
  year={1989}
}

@book{nocedal2006numerical,
  title={Numerical optimization},
  author={Nocedal, Jorge and Wright, Stephen},
  year={2006},
  publisher={Springer Science \& Business Media}
}

@article{agarwal2016second,
  title={Second order stochastic optimization in linear time},
  author={Agarwal, Naman and Bullins, Brian and Hazan, Elad},
  journal={arXiv preprint arXiv:1602.03943},
  year={2016}
}

@inproceedings{schraudolph2007stochastic,
  title={A stochastic quasi-Newton method for online convex optimization},
  author={Schraudolph, Nicol N and Yu, Jin and G{\"u}nter, Simon},
  booktitle={AISTATS},
  pages={436--443},
  year={2007}
}

  title={{SGD-QN}: Careful quasi-newton stochastic gradient descent},
  author={Bordes, Antoine and Bottou, L{\'e}on and Gallinari, Patrick},
  journal={JMLR},
  volume={10},
  pages={1737--1754},
  year={2009}
}


@article{duchi2011adaptive,
  title={Adaptive subgradient methods for online learning and stochastic optimization},
  author={Duchi, John and Hazan, Elad and Singer, Yoram},
  journal={JMLR},
  volume={12},
  pages={2121--2159},
  year={2011}
}

@article{tieleman2012lecture,
  title={Lecture 6.5-rmsprop: Divide the gradient by a running average of its recent magnitude},
  author={Tieleman, Tijmen and Hinton, Geoffrey},
  journal={COURSERA: Neural Networks for Machine Learning},
  volume={4},
  pages={2},
  year={2012}
}

@article{kingma2014adam,
  title={Adam: A method for stochastic optimization},
  author={Kingma, Diederik and Ba, Jimmy},
  journal={arXiv preprint arXiv:1412.6980},
  year={2014}
}

@inproceedings{moritz2016linearly,
  title={A linearly-convergent stochastic l-bfgs algorithm},
  author={Moritz, Philipp and Nishihara, Robert and Jordan, Michael},
  booktitle={AISTATS},
  pages={249--258},
  year={2016}
}

@article{byrd2016stochastic,
  title={A stochastic quasi-Newton method for large-scale optimization},
  author={Byrd, Richard H and Hansen, SL and Nocedal, Jorge and Singer, Yoram},
  journal={SIAM Journal on Optimization},
  volume={26},
  number={2},
  pages={1008--1031},
  year={2016},
  publisher={SIAM}
}

@inproceedings{luo2016efficient,
  title={Efficient second order online learning by sketching},
  author={Luo, Haipeng and Agarwal, Alekh and Cesa-Bianchi, Nicol{\`o} and Langford, John},
  booktitle={NIPS},
  pages={902--910},
  year={2016}
}

@inproceedings{erdogdu2015convergence,
  title={Convergence rates of sub-sampled newton methods},
  author={Erdogdu, Murat A and Montanari, Andrea},
  booktitle={NIPS},
  pages={3052--3060},
  year={2015}
}

%%% Variance Reduction
@inproceedings{roux2012stochastic,
  title={A stochastic gradient method with an exponential convergence \_rate for finite training sets},
  author={Roux, Nicolas L and Schmidt, Mark and Bach, Francis R},
  booktitle={NIPS},
  pages={2663--2671},
  year={2012}
}

@inproceedings{johnson2013accelerating,
  title={Accelerating stochastic gradient descent using predictive variance reduction},
  author={Johnson, Rie and Zhang, Tong},
  booktitle={NIPS},
  pages={315--323},
  year={2013}
}

@inproceedings{wang2013variance,
  title={Variance reduction for stochastic gradient optimization},
  author={Wang, Chong and Chen, Xi and Smola, Alex J and Xing, Eric P},
  booktitle={NIPS},
  pages={181--189},
  year={2013}
}

@inproceedings{gonen2016solving,
  title={Solving Ridge Regression using Sketched Preconditioned SVRG},
  author={Gonen, Alon and Orabona, Francesco and Shalev-Shwartz, Shai},
  booktitle={ICML},
  pages={1397--1405},
  year={2016}
}


%%% Experiment Papers
@inproceedings{ngiam2011optimization,
  title={On optimization methods for deep learning},
  author={Ngiam, Jiquan and Coates, Adam and Lahiri, Ahbik and Prochnow, Bobby and Le, Quoc V and Ng, Andrew Y},
  booktitle={ICML},
  pages={265--272},
  year={2011}
}


% Kernel Matrix
@article{fasshauer2012stable,
  title={Stable evaluation of Gaussian radial basis function interpolants},
  author={Fasshauer, G. and McCourt, M.},
  journal={SIAM Journal on Scientific Computing},
  volume={34},
  number={2},
  pages={A737--A762},
  year={2012},
  publisher={SIAM}
}

@article{kuhn1987eigenvalues,
  title={Eigenvalues of integral operators with smooth positive definite kernels},
  author={K{\"u}hn, Thomas},
  journal={Archiv der Mathematik},
  volume={49},
  number={6},
  pages={525--534},
  year={1987},
  publisher={Springer}
}

@article{agmon1965kernels,
  title={On kernels, eigenvalues, and eigenfunctions of operators related to elliptic problems},
  author={Agmon, Shmuel},
  journal={Communications on Pure and Applied Mathematics},
  volume={18},
  number={4},
  pages={627--663},
  year={1965},
  publisher={Wiley Online Library}
}

@article{reade1983eigenvalues,
  title={Eigenvalues of positive definite kernels},
  author={Reade, JB},
  journal={SIAM Journal on Mathematical Analysis},
  volume={14},
  number={1},
  pages={152--157},
  year={1983},
  publisher={SIAM}
}

@article{ferreira2009eigenvalues,
  title={Eigenvalues of integral operators defined by smooth positive definite kernels},
  author={Ferreira, JC and Menegatto, VA},
  journal={Integral Equations and Operator Theory},
  volume={64},
  number={1},
  pages={61--81},
  year={2009},
  publisher={Springer}
}

@article{braun2006accurate,
  title={Accurate error bounds for the eigenvalues of the kernel matrix},
  author={Braun, Mikio L},
  journal={JMLR},
  volume={7},
  number={Nov},
  pages={2303--2328},
  year={2006}
}

@article{rosasco2010learning,
  title={On learning with integral operators},
  author={Rosasco, Lorenzo and Belkin, Mikhail and Vito, Ernesto De},
  journal={JMLR},
  volume={11},
  number={Feb},
  pages={905--934},
  year={2010}
}

@phdthesis{braun2005spectral,
  title={Spectral properties of the kernel matrix and their relation to kernel methods in machine learning.},
  author={Braun, Mikio Ludwig and others},
  year={2005},
  school={University of Bonn}
}

@article{tsybakov2004optimal,
  title={Optimal aggregation of classifiers in statistical learning},
  author={Tsybakov, Alexandre B},
  journal={Annals of Statistics},
  pages={135--166},
  year={2004},
  publisher={JSTOR}
}

% Random Features
@inproceedings{rahimi2007random,
  title={Random features for large-scale kernel machines},
  author={Rahimi, A. and Recht, B.},
  booktitle={NIPS},
  pages={1177--1184},
  year={2007}
}

@inproceedings{dai2014scalable,
  title={Scalable kernel methods via doubly stochastic gradients},
  author={Dai, B. and Xie, B. and He, N. and Liang, Y. and Raj, A. and Balcan, M. and Song, L.},
  booktitle={NIPS},
  pages={3041--3049},
  year={2014}
}

@inproceedings{le2013fastfood,
  title={Fastfood-approximating kernel expansions in loglinear time},
  author={Le, Quoc and Sarl{\'o}s, Tam{\'a}s and Smola, Alex},
  booktitle={ICML},
  year={2013}
}

@article{bishop2007pattern,
  title={Pattern Recognition and Machine Learning},
  author={Bishop, C},
  journal={Springer, New York},
  year={2007}
}

@techreport{broomhead1988radial,
  title={Radial basis functions, multi-variable functional interpolation and adaptive networks},
  author={Broomhead, David S and Lowe, David},
  year={1988},
  institution={DTIC Document}
}

%% Bound
@article{tropp2015introduction,
  title={An introduction to matrix concentration inequalities},
  author={Tropp, Joel A},
  journal={arXiv preprint arXiv:1501.01571},
  year={2015}
}

@article{minsker2017some,
  title={On some extensions of Bernstein’s inequality for self-adjoint operators},
  author={Minsker, Stanislav},
  journal={Statistics \& Probability Letters},
  year={2017},
  publisher={Elsevier}
}

%% Preconditioned Linear System

@article{benzi1996sparse,
  title={A sparse approximate inverse preconditioner for the conjugate gradient method},
  author={Benzi, Michele and Meyer, Carl D and Tuma, Miroslav},
  journal={SIAM Journal on Scientific Computing},
  volume={17},
  number={5},
  pages={1135--1149},
  year={1996},
  publisher={SIAM}
}

@article{benzi1998sparse,
  title={A sparse approximate inverse preconditioner for nonsymmetric linear systems},
  author={Benzi, Michele and Tuma, Miroslav},
  journal={SIAM Journal on Scientific Computing},
  volume={19},
  number={3},
  pages={968--994},
  year={1998},
  publisher={SIAM}
}

@article{benzi2002preconditioning,
  title={Preconditioning techniques for large linear systems: a survey},
  author={Benzi, Michele},
  journal={Journal of computational Physics},
  volume={182},
  number={2},
  pages={418--477},
  year={2002},
  publisher={Elsevier}
}

@inproceedings{cutajar2016preconditioning,
  title={Preconditioning kernel matrices},
  author={Cutajar, Kurt and Osborne, Michael and Cunningham, John and Filippone, Maurizio},
  booktitle={ICML},
  pages={2529--2538},
  year={2016}
}

%%---- Expr: vs. Kernel v.s. DNN ----%%
@inproceedings{cheng2011arccosine,
  title={Arccosine kernels: Acoustic modeling with infinite neural networks},
  author={Cheng, Chih-Chieh and Kingsbury, Brian},
  booktitle={ICASSP},
  pages={5200--5203},
  year={2011},
  organization={IEEE}
}

@inproceedings{huang2014kernel,
  title={Kernel methods match deep neural networks on timit},
  author={Huang, Po-Sen and Avron, Haim and Sainath, Tara N and Sindhwani, Vikas and Ramabhadran, Bhuvana},
  booktitle={ICASSP},
  pages={205--209},
  year={2014},
  organization={IEEE}
}

@article{lu2014scale,
  title={How to scale up kernel methods to be as good as deep neural nets},
  author={Lu, Zhiyun and May, Avner and Liu, Kuan and Garakani, Alireza Bagheri and Guo, Dong and Bellet, Aur{\'e}lien and Fan, Linxi and Collins, Michael and Kingsbury, Brian and Picheny, Michael and Sha, Fei},
  journal={arXiv preprint arXiv:1411.4000},
  year={2014}
}

@article{avron2016faster,
  title={Faster kernel ridge regression using sketching and preconditioning},
  author={Avron, H. and Clarkson, K. and Woodruff, D.},
  journal={arXiv preprint arXiv:1611.03220},
  year={2016}
}

@article{may2017kernel,
  title={Kernel Approximation Methods for Speech Recognition},
  author={May, Avner and Garakani, Alireza Bagheri and Lu, Zhiyun and Guo, Dong and Liu, Kuan and Bellet, Aur{\'e}lien and Fan, Linxi and Collins, Michael and Hsu, Daniel and Kingsbury, Brian and others},
  journal={arXiv preprint arXiv:1701.03577},
  year={2017}
}

@article{chen2016hierarchically,
  title={Hierarchically compositional kernels for scalable nonparametric learning},
  author={Chen, Jie and Avron, Haim and Sindhwani, Vikas},
  journal={arXiv preprint arXiv:1608.00860},
  year={2016}
}

@article{tu2016large,
  title={Large scale kernel learning using block coordinate descent},
  author={Tu, S. and Roelofs, R. and Venkataraman, S. and Recht, B.},
  journal={arXiv preprint arXiv:1602.05310},
  year={2016}
}


%%---- Datasets ----%%

% MNIST
@inproceedings{lecun1998gradient,
  title={Gradient-based learning applied to document recognition},
  author={LeCun, Y. and Bottou, L. and Bengio, Y. and Haffner, P.},
  volume={86},
  number={11},
  pages={2278--2324},
  year={1998},
  booktitle={Proceedings of the IEEE}
}

% MNIST-8M
@article{loosli2007training,
  title={Training invariant support vector machines using selective sampling},
  author={Loosli, G. and Canu, S. and Bottou, L.},
  journal={Large scale kernel machines},
  pages={301--320},
  year={2007}
}

% CIFAR
@mastersthesis{krizhevsky2009learning,
  title={Learning multiple layers of features from tiny images},
  author={Krizhevsky, Alex and Hinton, Geoffrey},
  year={2009},
  school={University of Toronto}
}

% SVHN
@inproceedings{netzer2011reading,
  title={Reading digits in natural images with unsupervised feature learning},
  author={Netzer, Y. and Wang, T. and Coates, A. and Bissacco, A. and Wu, B. and Ng, A.},
  booktitle={NIPS workshop},
  volume={2011},
  pages={4},
  year={2011}
}

% Covtype
@article{blackard1999comparative,
  title={Comparative accuracies of artificial neural networks and discriminant analysis in predicting forest cover types from cartographic variables},
  author={Blackard, Jock A and Dean, Denis J},
  journal={Computers and electronics in agriculture},
  volume={24},
  number={3},
  pages={131--151},
  year={1999},
  publisher={Elsevier}
}

% HINT
@article{healy2013algorithm,
  title={An algorithm to improve speech recognition in noise for hearing-impaired listeners},
  author={Healy, Eric W and Yoho, Sarah E and Wang, Yuxuan and Wang, DeLiang},
  journal={The Journal of the Acoustical Society of America},
  volume={134},
  number={4},
  pages={3029--3038},
  year={2013},
  publisher={Acoustical Society of America}
}

% TIMIT
@article{garofolo1993darpa,
  title={DARPA TIMIT acoustic-phonetic continous speech corpus CD-ROM},
  author={Garofolo, John S and Lamel, Lori F and Fisher, William M and Fiscus, Jonathon G and Pallett, David S},
  journal={NIST speech disc},
  volume={1-1.1},
  year={1993}
}

@inproceedings{povey2011kaldi,
  title={The Kaldi speech recognition toolkit},
  author={Povey, D. and Ghoshal, A. and Boulianne, G. and Burget, L. and Glembek, O. and Goel, N. and Hannemann, M. and Motlicek, P. and Qian, Y. and Schwarz, P. and others},
  booktitle={ASRU},
  year={2011}
}

% SUSY
@article{baldi2014searching,
  title={Searching for exotic particles in high-energy physics with deep learning},
  author={Baldi, Pierre and Sadowski, Peter and Whiteson, Daniel},
  journal={Nature communications},
  volume={5},
  year={2014},
  publisher={Nature Publishing Group}
}

%% ----- Theory -------
@article{aronszajn1950theory,
  title={Theory of reproducing kernels},
  author={Aronszajn, Nachman},
  journal={Transactions of the American mathematical society},
  volume={68},
  number={3},
  pages={337--404},
  year={1950},
  publisher={JSTOR}
}

@article{steinwart2001influence,
  title={On the influence of the kernel on the consistency of support vector machines},
  author={Steinwart, Ingo},
  journal={Journal of machine learning research},
  volume={2},
  number={Nov},
  pages={67--93},
  year={2001}
}

@book{adams2003sobolev,
  title={Sobolev spaces},
  author={Adams, Robert A and Fournier, John JF},
  volume={140},
  year={2003},
  publisher={Academic press}
}


@article{shannon1949communication,
  title={Communication in the presence of noise},
  author={Shannon, Claude Elwood},
  journal={Proceedings of the IRE},
  volume={37},
  number={1},
  pages={10--21},
  year={1949},
  publisher={IEEE}
}

@article{flaxman2016poisson,
  title={Poisson intensity estimation with reproducing kernels},
  author={Flaxman, Seth and Teh, Yee Whye and Sejdinovic, Dino},
  journal={arXiv preprint arXiv:1610.08623},
  year={2016}
}

@article{herbrich2002algorithmic,
  title={Algorithmic luckiness},
  author={Herbrich, Ralf and Williamson, Robert C},
  journal={Journal of Machine Learning Research},
  volume={3},
  number={Sep},
  pages={175--212},
  year={2002}
}

%%---- Books ----%%
@book{scharf1991statistical,
  title={Statistical signal processing},
  author={Scharf, Louis L},
  volume={98},
  year={1991},
  publisher={Addison-Wesley Reading, MA}
}

@book{shawe2004kernel,
  title={Kernel methods for pattern analysis},
  author={Shawe-Taylor, John and Cristianini, Nello},
  year={2004},
  publisher={Cambridge university press}
}

@book{dennis1996numerical,
  title={Numerical methods for unconstrained optimization and nonlinear equations},
  author={Dennis Jr, John E and Schnabel, Robert B},
  year={1996},
  publisher={SIAM}
}

@book{rosenberg1997laplacian,
  title={The Laplacian on a Riemannian manifold: an introduction to analysis on manifolds},
  author={Rosenberg, Steven},
  year={1997},
  publisher={Cambridge University Press}
}

@book{boyd2004convex,
  title={Convex optimization},
  author={Boyd, Stephen and Vandenberghe, Lieven},
  year={2004},
  publisher={Cambridge university press}
}

@book{steinwart2008support,
  title={Support vector machines},
  author={Steinwart, Ingo and Christmann, Andreas},
  year={2008},
  publisher={Springer Science \& Business Media}
}

%%---- Backup Below ----%%

@article{rifkin2003regularized,
  title={Regularized least-squares classification},
  author={Rifkin, Ryan and Yeo, Gene and Poggio, Tomaso},
  journal={Nato Science Series Sub Series III Computer and Systems Sciences},
  volume={190},
  pages={131--154},
  year={2003},
  publisher={IOS PRESS}
}

@Article{Rieger2008,
author={Rieger, Christian
and Zwicknagl, Barbara},
title={Sampling inequalities for infinitely smooth functions, with applications to interpolation and machine learning},
journal={Advances in Computational Mathematics},
year={2008},
volume={32},
number={1},
pages={103},
}


%%%%%%%%%%%% More on Bounds %%%%%%%%%%%%%

@inproceedings{bach2013non,
  title={Non-strongly-convex smooth stochastic approximation with convergence rate O (1/n)},
  author={Bach, Francis and Moulines, Eric},
  booktitle={Advances in neural information processing systems},
  pages={773--781},
  year={2013}
}

@article{nemirovski2009robust,
  title={Robust stochastic approximation approach to stochastic programming},
  author={Nemirovski, Arkadi and Juditsky, Anatoli and Lan, Guanghui and Shapiro, Alexander},
  journal={SIAM Journal on optimization},
  volume={19},
  number={4},
  pages={1574--1609},
  year={2009},
  publisher={SIAM}
}

@inproceedings{sindhwani2005beyond,
  title={Beyond the point cloud: from transductive to semi-supervised learning},
  author={Sindhwani, Vikas and Niyogi, Partha and Belkin, Mikhail},
  booktitle={ICML},
  pages={824--831},
  year={2005},
}
@article{bubeck2015convex,
  title={Convex optimization: Algorithms and complexity},
  author={Bubeck, S{\'e}bastien},
  journal={Foundations and Trends in Machine Learning},
  volume={8},
  number={3-4},
  pages={231--357},
  year={2015},
  publisher={Now Publishers, Inc.}
}
@article{moosavi2016universal,
  title={Universal adversarial perturbations},
  author={Moosavi-Dezfooli, Seyed-Mohsen and Fawzi, Alhussein and Fawzi, Omar and Frossard, Pascal},
  journal={arXiv preprint arXiv:1610.08401},
  year={2016}
}
@Article{Santin2016,
author="Santin, G.
and Schaback, R.",
title="Approximation of eigenfunctions in kernel-based spaces",
journal="Advances in Computational Mathematics",
year="2016",
volume="42",
number="4",
pages="973--993",
}

@article{ma2017diving,
  title={Diving into the shallows: a computational perspective on large-scale shallow learning},
  author={Ma, Siyuan and Belkin, Mikhail},
  journal={arXiv preprint arXiv:1703.10622, accepted to NIPS 2017},
  year={2017}
}

@article{zhang16understanding,
  author    = {Chiyuan Zhang and
               Samy Bengio and
               Moritz Hardt and
               Benjamin Recht and
               Oriol Vinyals},
  title     = {Understanding deep learning requires rethinking generalization},
  journal   = {CoRR},
  volume    = {abs/1611.03530},
  year      = {2016},
  url       = {http://arxiv.org/abs/1611.03530},
  archivePrefix = {arXiv},
}
