@article{Alon,
 author = {Alon, Noga and Ben-David, Shai and Cesa-Bianchi, Nicol\`{o} and Haussler, David},
 title = {Scale-sensitive dimensions, uniform convergence, and learnability},
 journal = {J. ACM},
 volume = {44},
 number = {4},
 year = {1997},
 issn = {0004-5411},
 pages = {615--631},
 doi = {http://doi.acm.org/10.1145/263867.263927},
 publisher = {ACM},
 address = {New York, NY, USA},
 }

 @article{PCA1,
author = {Pearson, K.},
title = {On Lines and Planes of Closest Fit to Systems of Points in Space},
journal = {Philosophical Magazine},
volume = {2},
year = {1901},
pages = {559-572}
}

@article{PCA2,
author = {Hotelling, H.},
title = {Analysis of a complex of statistical variables into principal components.},
journal = {Journal of Educational Psychology},
volume = {24},
year = {1933},
pages = {417-441, 498-520}
}f


@book{kernel,
author = {J. Shawe-Taylor and N. Christianini},
title = {Kernel Methods for Pattern Analysis.},
publisher = {Cambridge University Press},
year = {2004}
}

@book{mds,
author = {T. Cox and M. Cox},
title = {Multidimensional Scaling.},
publisher = {Chapman $\&$ Hall, London},
year = {1994}
}

@article{diffusion,
   Author = {Ronald R Coifman and Stephane Lafon and Ann Lee and Mauro
             Maggioni and Boaz Nadler and Frederick Warner and Steven
             Zucker},
   Title = {Geometric Diffusions as a tool for Harmonic Analysis and
             structure definition of data. {P}art {II}: Multiscale
             methods},
   Journal = {Proc. of Nat. Acad. Sci.},
   Number = {102},
   Pages = {7432--7438},
   Year = {2005}
}

@article{Boissonnat,
  author    = {Jean{-}Daniel Boissonnat and
               Leonidas J. Guibas and
               Steve Oudot},
  title     = {Manifold Reconstruction in Arbitrary Dimensions Using Witness Complexes},
  journal   = {Discrete {\&} Computational Geometry},
  volume    = {42},
  number    = {1},
  pages     = {37--70},
  year      = {2009},
  url       = {http://dx.doi.org/10.1007/s00454-009-9175-1},
  doi       = {10.1007/s00454-009-9175-1},
  timestamp = {Mon, 20 Jul 2009 10:27:19 +0200},
  biburl    = {http://dblp.uni-trier.de/rec/bib/journals/dcg/BoissonnatGO09},
  bibsource = {dblp computer science bibliography, http://dblp.org}
}

@article{jones,
  title={Universal local parametrizations via heat kernels and eigenfunctions of the laplacian},
  author={Jones, Peter W and Maggioni, Mauro and Schul, Raanan},
  journal={Ann. Acad. Sci. Fenn. Math},
  volume={35},
  number={1},
  pages={131--174},
  year={2010}
}

@ARTICLE{ltsa,
    author = {Zhenyue Zhang and Hongyuan Zha},
    title = {Principal Manifolds and Nonlinear Dimension Reduction via Local Tangent Space Alignment},
    journal = {SIAM Journal of Scientific Computing},
    year = {2002},
    volume = {26},
    pages = {313--338}
}

@ARTICLE{Ozertem11,
    author = {Umut Ozertem and Deniz Erdogmus},
    title = { Locally defined principal curves and surfaces},
    journal = {Journal of Machine Learning Research},
    year = {2011},
    volume = {12},
    pages = {1249-1286}
}

@article{ridge,
author = "Genovese, Christopher R. and Perone-Pacifico, Marco and Verdinelli, Isabella and Wasserman, Larry",
doi = "10.1214/14-AOS1218",
fjournal = "The Annals of Statistics",
journal = "Ann. Statist.",
number = "4",
pages = "1511--1545",
publisher = "The Institute of Mathematical Statistics",
title = "Nonparametric ridge estimation",
url = "http://dx.doi.org/10.1214/14-AOS1218",
volume = "42",
year = "2014"
}

@book{Amari,
author = {Shun'ichi Amari and Hiroshi Nagaoka},
title = { Methods of information geometry},
publisher = { American Mathematical Society},
year =  {2000}
}

@article{nigel,
year={2013},
isbn={978-3-642-40019-3},
journal={Geometric Science of Information},
volume={8085},
series={Lecture Notes in Computer Science},
editor={Nielsen, Frank and Barbaresco, Frederic},
doi={10.1007/978-3-642-40020-9_79},
title={Infinite-Dimensional Manifolds of Finite-Entropy Probability Measures},
url={http://dx.doi.org/10.1007/978-3-642-40020-9_79},
publisher={Springer Berlin Heidelberg},
author={Newton, Nigel J.},
pages={713-720},
language={English}
}

@article{mc,
author = {Brand, M.},
title = {Charting a manifold.},
journal = {NIPS},
volume = {15}, 
pages = {985-992},
year = {2002}
}

@article{llc,
author = { Roweis, S. T and   Saul, L.  and  Hinton, G.} ,
title = {Global coordination
of local linear models.} ,
journal = { Advances in Neural Information
Processing Systems},
volume =  {14}, 
pages = {889-896}
}


@article{Baraniuk,
  author    = {Richard G. Baraniuk and
               Michael B. Wakin},
  title     = {Random Projections of Smooth Manifolds},
  journal   = {Foundations of Computational Mathematics},
  volume    = {9},
  number    = {1},
  pages     = {51--77},
  year      = {2009},
  url       = {http://dx.doi.org/10.1007/s10208-007-9011-z},
  doi       = {10.1007/s10208-007-9011-z},
  timestamp = {Wed, 08 Jul 2009 10:56:11 +0200},
  biburl    = {http://dblp.uni-trier.de/rec/bib/journals/focm/BaraniukW09},
  bibsource = {dblp computer science bibliography, http://dblp.org}
}


@inproceedings{Cheng,
  author    = {Siu{-}Wing Cheng and
               Tamal K. Dey and
               Edgar A. Ramos},
  title     = {Manifold reconstruction from point samples},
  booktitle = {Proceedings of the Sixteenth Annual {ACM-SIAM} Symposium on Discrete
               Algorithms, {SODA} 2005, Vancouver, British Columbia, Canada, January
               23-25, 2005},
  pages     = {1018--1027},
  year      = {2005},
  crossref  = {DBLP:conf/soda/2005},
  url       = {http://dl.acm.org/citation.cfm?id=1070432.1070579},
  timestamp = {Fri, 07 Dec 2012 17:02:08 +0100},
  biburl    = {http://dblp.uni-trier.de/rec/bib/conf/soda/ChengDR05},
  bibsource = {dblp computer science bibliography, http://dblp.org}
}

@inproceedings{Clarkson,
  author    = {Kenneth L. Clarkson},
  title     = {Tighter bounds for random projections of manifolds},
  booktitle = {Proceedings of the 24th {ACM} Symposium on Computational Geometry,
               College Park, MD, USA, June 9-11, 2008},
  pages     = {39--48},
  year      = {2008},
  crossref  = {DBLP:conf/compgeom/2008},
  url       = {http://doi.acm.org/10.1145/1377676.1377685},
  doi       = {10.1145/1377676.1377685},
  timestamp = {Fri, 30 Jan 2015 14:53:40 +0100},
  biburl    = {http://dblp.uni-trier.de/rec/bib/conf/compgeom/Clarkson08},
  bibsource = {dblp computer science bibliography, http://dblp.org}
}

 @article{Massart,
author = {Massart, Pascal},
journal = {Annales de la faculte des sciences de Toulouse},
language = {eng},
number = {2},
pages = {245-303},
publisher = {Universite Paul Sabatier},
title = {Some applications of concentration inequalities to statistics},
url = {http://eudml.org/doc/73516},
volume = {9},
year = {2000},
}

@inproceedings{Canas1,
  author    = {Guillermo D. Ca{\~{n}}as and
               Tomaso Poggio and
               Lorenzo Rosasco},
  title     = {Learning Manifolds with K-Means and K-Flats},
  booktitle = {Advances in Neural Information Processing Systems 25: 26th Annual
               Conference on Neural Information Processing Systems 2012. Proceedings
               of a meeting held December 3-6, 2012, Lake Tahoe, Nevada, United States.},
  pages     = {2474--2482},
  year      = {2012},
  crossref  = {DBLP:conf/nips/2012},
  url       = {http://papers.nips.cc/paper/4777-learning-manifolds-with-k-means-and-k-flats},
  timestamp = {Thu, 11 Dec 2014 17:34:07 +0100},
  biburl    = {http://dblp.uni-trier.de/rec/bib/conf/nips/CanasPR12},
  bibsource = {dblp computer science bibliography, http://dblp.org}
}

@article{MaurerPontil,
  author    = {Augusto Maurer and
               Massimiliano Pontil},
  title     = {K -Dimensional Coding Schemes in Hilbert Spaces},
  journal   = {IEEE Transactions on Information Theory},
  volume    = {56},
  number    = {11},
  year      = {2010},
  pages     = {5839-5846},
  ee        = {http://dx.doi.org/10.1109/TIT.2010.2069250},
  bibsource = {DBLP, http://dblp.uni-trier.de}
}

@article{Kendall, 
author = {David G. Kendall},
title = {A Survey of the Statistical Theory of Shape},
journal = {Statistical Science}, 
volume = { 4}, 
number =  {2},
year =  {1989}, 
pages =  {87-99}
}

@inproceedings{arriaga,
  author    = {Rosa I. Arriaga and
               Santosh Vempala},
  title     = {An Algorithmic Theory of Learning: Robust Concepts and Random
               Projection},
  booktitle = {FOCS},
  year      = {1999},
  pages     = {616-623},
  ee        = {http://computer.org/proceedings/focs/0409/04090616abs.htm},
  bibsource = {DBLP, http://dblp.uni-trier.de}
}

@article{BLW94,
  author    = {Peter L. Bartlett and
               Philip M. Long and
               Robert C. Williamson},
  title     = {Fat-Shattering and the Learnability of Real-Valued Functions},
  journal   = {J. Comput. Syst. Sci.},
  volume    = {52},
  number    = {3},
  year      = {1996},
  pages     = {434-452},
  bibsource = {DBLP, http://dblp.uni-trier.de}
}

@ARTICLE{bart2,
    author = {Peter Bartlett and Tam\'{a}s Linder and Gabor Lugosi},
    title = {The Minimax Distortion Redundancy in Empirical Quantizer Design},
    journal = {IEEE Transactions on Information Theory},
    year = {1997},
    volume = {44},
    pages = {1802--1813}
}

@article{BiauDL08,
  author    = {G{\'e}rard Biau and
               Luc Devroye and
               G{\'a}bor Lugosi},
  title     = {On the Performance of Clustering in Hilbert Spaces},
  journal   = {IEEE Transactions on Information Theory},
  volume    = {54},
  number    = {2},
  year      = {2008},
  pages     = {781-790},
  ee        = {http://dx.doi.org/10.1109/TIT.2007.913516},
  bibsource = {DBLP, http://dblp.uni-trier.de}
}

@techreport{buhmann,
 author = {Buhmann, Joachim M.},
 title = {Empirical Risk Approximation: An Induction Principle for Unsupervised Learning},
 year = {1998},
 source = {http://www.ncstrl.org:8900/ncstrl/servlet/search?formname=detail\&id=oai%3Ancstrlh%3Aunibonn_cs%3Ancstrl.unibonn_cs%2F%2FIAI-TR-98-3},
 publisher = {University of Bonn},
 }

@article{misha,
 author = {Belkin, Mikhail and Niyogi, Partha},
 title = {Laplacian Eigenmaps for dimensionality reduction and data representation},
 journal = {Neural Comput.},
 volume = {15},
 number = {6},
 year = {2003},
 issn = {0899-7667},
 pages = {1373--1396},
 doi = {http://dx.doi.org/10.1162/089976603321780317},
 publisher = {MIT Press},
 address = {Cambridge, MA, USA},
 }

@article{Ben-David,
 author = {Ben-David, Shai},
 title = {A framework for statistical clustering with constant time approximation algorithms for K-median and K-means clustering},
 journal = {Mach. Learn.},
 volume = {66},
 number = {2-3},
 year = {2007},
 issn = {0885-6125},
 pages = {243--257},
 doi = {http://dx.doi.org/10.1007/s10994-006-0587-3},
 publisher = {Kluwer Academic Publishers},
 address = {Hingham, MA, USA},
 }

@ARTICLE{Bradley00,
    author = {P.S. Bradley and O. L. Mangasarian},
    title = {k-Plane Clustering},
    journal = {Journal of Global Optimization},
    year = {2000},
    volume = {16},
    pages = {23--32}
}

@article{Carlsson,
    author = {Carlsson, Gunnar},
    day = {29},
    doi = {10.1090/S0273-0979-09-01249-X},
    journal = {Bulletin of the American Mathematical Society},
    keywords = {clustering, data, theory, topology},
    month = {January},
    pages = {255--308},
    priority = {2},
    title = {Topology and Data},
    url = {http://www.ams.org/bull/2009-46-02/S0273-0979-09-01249-X/home.html},
    volume = {46},
    year = {2009}
}

@inproceedings{dasgupta,
  author    = {Sanjoy Dasgupta},
  title     = {Learning Mixtures of Gaussians},
  booktitle = {FOCS},
  year      = {1999},
  pages     = {634-644},
  ee        = {http://computer.org/proceedings/focs/0409/04090634abs.htm},
  bibsource = {DBLP, http://dblp.uni-trier.de}
}

@inproceedings{Dasgupta2,
 author = {Dasgupta, Sanjoy and Freund, Yoav},
 title = {Random projection trees and low dimensional manifolds},
 booktitle = {Proceedings of the 40th annual ACM symposium on Theory of computing},
 series = {STOC '08},
 year = {2008},
 pages = {537--546},
}

@inproceedings{NarMit,
  author    = {Hariharan Narayanan and Sanjoy Mitter},
  title     = {On the Sample Complexity of testing the Manifold Hypothesis},
  booktitle = {NIPS},
  year      = {2010},
 % pages     = {634-644},
 % ee        = {http://computer.org/proceedings/focs/0409/04090634abs.htm},
 % bibsource = {DBLP, http://dblp.uni-trier.de}
}

@article{DasguptaG03,
  author    = {Sanjoy Dasgupta and
               Anupam Gupta},
  title     = {An elementary proof of a theorem of Johnson and Lindenstrauss},
  journal   = {Random Struct. Algorithms},
  volume    = {22},
  number    = {1},
  year      = {2003},
  pages     = {60-65},
  ee        = {http://dx.doi.org/10.1002/rsa.10073},
  bibsource = {DBLP, http://dblp.uni-trier.de}
}

@Book{devroye,
author = {Luc Devroye and  L\'{a}szlo Gy\"{o}rfi and G\'{a}bor Lugosi},
title = {A probabilistic theory of pattern recognition},
publisher = {Springer},
year = {1996},
}

@article{donoho,
	author = {David L. Donoho and Carrie Grimes},
    doi = {10.1073/pnas.1031596100},
    journal = {Proceedings of the National Academy of Sciences},
    keywords = {eigenmaps, hessian},
    month = {May},
    number = {10},
    pages = {5591--5596},
    title = {Hessian eigenmaps: Locally linear embedding techniques for high-dimensional data},
    url = {http://dx.doi.org/10.1073/pnas.1031596100},
    volume = {100},
    year = {2003}
}

@article{Marina,
author = {Dominique Perrault-Joncas and Marina Meila},
title = {Metric Learning and Manifolds: Preserving the Intrinsic
Geometry},
journal = {submitted}
url = {http://www.stat.washington.edu/~dcpj/_static/RMetric.pdf},
year = {2013},
}

@article{Wasserman,
author = {Christopher R. Genovese, Marco Perone-Pacifico,
Isabella Verdinelli, and Larry Wasserman},
title = {Manifold Estimation and Singular Deconvolution under Hausdorff loss},
journal = {Annals of Statistics},
volume = {40},
number = {2},
year = {2012},
}

@article{Wasserman2,
author = {Christopher R. Genovese, Marco Perone-Pacifico,
Isabella Verdinelli, and Larry Wasserman},
title = {Minimax Manifold Estimation},
journal = {Journal of Machine Learning Research},
issue = {1},
year = {2012},
}


@INPROCEEDINGS{PrincipalManifolds,
    author = {Alexander J. Smola and Robert C. Williamson},
    title = {Regularized Principal Manifolds},
    booktitle = {In Computational Learning Theory: 4th European Conference},
    year = {2001},
    pages = {214--229},
    publisher = {Springer},
}

@book{Kohonen,
author = {T. Kohonen},
title = {Self-Organizing Maps},
publisher = {Springer-Verlag},
year = {2000},
}

@book{Narasimhan,
author = {R. Narasimhan},
title = {Lectures on Topics in Analysis},
publisher = {Tata Institute of Fundamental Research, Bombay},
year = {1965},
}

@article{GK,
 author = {Gurvits, Leonid and Koiran, Pascal},
 title = {Approximation and learning of convex superpositions},
 journal = {J. Comput. Syst. Sci.},
 volume = {55},
 number = {1},
 year = {1997},
 issn = {0022-0000},
 pages = {161--170},
 doi = {http://dx.doi.org/10.1006/jcss.1997.1506},
 publisher = {Academic Press, Inc.},
 address = {Orlando, FL, USA},
 }

@article{hastie,
  AUTHOR = 	 {Trevor J. Hastie and Werner Stuetzle},
  TITLE = 	 {Principal Curves},
  JOURNAL = 	{Journal of the American Statistical Association} ,
  YEAR = 	 {1989},
  VOLUME = 	 {84},
  PAGES = 	 {502--516}
}

@techreport{Hayes,
 author = {Hayes, Tom},
 title = {A Large Deviation Inequality for Vector-valued Martingales},
 year = {2001},
 source = {http://www.cs.uchicago.edu/research/publications/techreports/TR-2001-24,
 publisher = {The University of Chicago}
 }
@INPROCEEDINGS{Kamb93,
    author = {A Kambhatla and Todd K. Leen},
    title = {Fast non-linear dimension reduction},
    booktitle = {In IEEE International Conference on Neural Networks},
    year = {1993},
    pages = {1213--1218},
    publisher = {IEEE}
}

@inproceedings{KSS,
  author    = {Amit Kumar and
               Yogish Sabharwal and
               Sandeep Sen},
  title     = {A Simple Linear Time $(1+ \eps)-$Approximation Algorithm for
               k-Means Clustering in Any Dimensions},
  booktitle = {FOCS},
  year      = {2004},
  pages     = {454-462},
  ee        = {http://csdl.computer.org/comp/proceedings/focs/2004/2228/00/22280454abs.htm},
  crossref  = {DBLP:conf/focs/2004},
  bibsource = {DBLP, http://dblp.uni-trier.de}
}


@INPROCEEDINGS{coifman,
    author = {Boaz Nadler and Stephane Lafon and Ronald R. Coifman and Ioannis G. Kevrekidis},
    title = {Diffusion maps, spectral clustering and reaction coordinates of dynamical systems},
    booktitle = {Applied and Computational Harmonic Analysis: Special issue on Diffusion Maps and Wavelets},
    year = {2006}

}



@article{kegl,
author = {Bal{\'a}zs K{\'e}gl and Adam Krzyzak and Tam{\'a}s Linder and Kenneth Zeger},
title = {Learning and Design of Principal Curves},
journal ={IEEE Transactions on Pattern Analysis and Machine Intelligence},
volume = {22},
issn = {0162-8828},
year = {2000},
pages = {281-297},
doi = {http://doi.ieeecomputersociety.org/10.1109/34.841759},
publisher = {IEEE Computer Society},
address = {Los Alamitos, CA, USA}
}

@article{JL,
  author    = {William Johnson and Joram Lindenstrauss},
  title     = {Extensions of Lipschitz Mappings into a Hilbert Space},
  journal   = {Contemporary Mathematics},
  volume    = {26},
  year      = {1984},
  pages     = {419-441}
  }

  @article{federer_paper,
author = {Herbert Federer},
title = {Curvature Measures},
journal = {Transactions of the American Mathematical Society},
volume = {93},
year = {1959}
}




@article{linder,
  author    = {Tam{\'a}s Linder and
               G{\'a}bor Lugosi and
               Kenneth Zeger},
  title     = {Rates of convergence in the source coding theorem, in empirical
               quantizer design, and in universal lossy source coding},
  journal   = {IEEE Transactions on Information Theory},
  volume    = {40},
  number    = {6},
  year      = {1994},
  pages     = {1728-1740},
  bibsource = {DBLP, http://dblp.uni-trier.de}
}

@inproceedings{pontil,
  author    = {Andreas Maurer and
               Massimiliano Pontil},
  title     = {Generalization Bounds for K-Dimensional Coding Schemes in
               Hilbert Spaces},
  booktitle = {ALT},
  year      = {2008},
  pages     = {79-91},
  ee        = {http://dx.doi.org/10.1007/978-3-540-87987-9_11},
  crossref  = {DBLP:conf/alt/2008},
  bibsource = {DBLP, http://dblp.uni-trier.de}
}

@article{Maggioni1,
  author    = {Mark A. Iwen and
               Mauro Maggioni},
  title     = {Approximation of Points on Low-Dimensional Manifolds Via Random Linear
               Projections},
  journal   = {CoRR},
  volume    = {abs/1204.3337},
  year      = {2012},
  url       = {http://arxiv.org/abs/1204.3337},
  timestamp = {Wed, 10 Oct 2012 21:28:50 +0200},
  biburl    = {http://dblp.uni-trier.de/rec/bib/journals/corr/abs-1204-3337},
  bibsource = {dblp computer science bibliography, http://dblp.org}
}

@article{NSW,
  author    = {Partha Niyogi and
               Stephen Smale and
               Shmuel Weinberger},
  title     = {Finding the Homology of Submanifolds with High Confidence
               from Random Samples},
  journal   = {Discrete {\&} Computational Geometry},
  volume    = {39},
  number    = {1-3},
  year      = {2008},
  pages     = {419-441},
  ee        = {http://dx.doi.org/10.1007/s00454-008-9053-2},
  bibsource = {DBLP, http://dblp.uni-trier.de}
}

@InProceedings{NarNiy,
author = {Hariharan Narayanan and Partha Niyogi},
title = {On the Sample Complexity of Learning Smooth Cuts on a Manifold},
booktitle = {Proc. of the 22nd Annual Conference on Learning Theory (COLT)},
year = {2009},
month = {June}
}

@InProceedings{NarMit,
author = {Hariharan Narayanan and Sanjoy Mitter},
title = {On the Sample Complexity of Testing the Manifold Hypothesis},
booktitle = {Proc. of the 24nd Annual Conference on Neural Information Processing Systems (NIPS)},
year = {2010},
month = {December}
}

@Book{pollard,
author = {David Pollard},
title = {Convergence of Stochastic Processes},
publisher = {Springer},
year = {1984}
}

@Book{DavidSemmes,
author = {Guy David and Stephen Semmes},
title = {Analysis of and on Uniformly Rectifiable Sets},
publisher = {Americal Mathematical Society},
year = {1993}
}

@ARTICLE{LLE,
    author = {Sam T. Roweis and Lawrence K. Saul},
    title = {Nonlinear dimensionality reduction by locally linear embedding},
    journal = {Science},
    year = {2000},
    volume = {290},
    pages = {2323--2326}
}


@article{Lerman,
author = {Gilad Lerman and Teng Zhang},
title = {Probabilistic recovery of multiple subspaces in point clouds by geometric $\ell_p$ minimization},
journal = {Annals of Statistics},
year =  {2011},
 volume = {39},
 number = {5},
 pages =  {2686-2715},
}


@article{smola,
 author = {Smola, Alexander J. and Mika, Sebastian and Sch\"{o}lkopf, Bernhard and Williamson, Robert C.},
 title = {Regularized principal manifolds},
 journal = {J. Mach. Learn. Res.},
 volume = {1},
 year = {2001},
 issn = {1532-4435},
 pages = {179--209}
 }

@article{ISOMAP,
  author = {J. B. Tenenbaum and V. Silva and J. C. Langford},
  journal = {Science},
  number = {5500},
  pages = {2319--2323},
  title = {{A Global Geometric Framework for Nonlinear Dimensionality Reduction}},
  volume = {290},
  year = {2000}
}

@article{Carlsson2,
  author    = {Afra Zomorodian and
               Gunnar Carlsson},
  title     = {Computing Persistent Homology},
  journal   = {Discrete {\&} Computational Geometry},
  volume    = {33},
  number    = {2},
  year      = {2005},
  pages     = {249-274},
  ee        = {http://www.springerlink.com/index/10.1007/s00454-004-1146-y},
  bibsource = {DBLP, http://dblp.uni-trier.de}
}

@article{Mendelson_Phase,
  author    = {Shahar Mendelson},
  title     = {Rademacher averages and phase transitions in Glivenko-Cantelli
               classes},
  journal   = {IEEE Transactions on Information Theory},
  volume    = {48},
  number    = {1},
  year      = {2002},
  pages     = {251-263},
  bibsource = {DBLP, http://dblp.uni-trier.de}
}

  @article{Talagrand_Majorizing,
AUTHOR = {Michel Talagrand},
TITLE = {Majorizing Measures: The Generic Chaining (in Special Invited Paper)},
JOURNAL = {Annals of Probability},
YEAR = {1996},
VOLUME = {24},
PAGES = {1049-1103},
URL={http://links.jstor.org/sici?sici=0091-1798%28199607%2924%3A3%3C1049%3AMMTGC%3E2.0.CO%3B2-T},
}

@unpublished{SridharanSrebro,
AUTHOR = {Karthik Sridharan and Nathan Srebro},
TITLE = {Note on Refined Dudley Integral Covering Number Bound},
URL={http://ttic.uchicago.edu/~karthik/dudley.pdf
journal = {Unpublished.}
year = {2011}
}

@unpublished{BartlettNotes,
AUTHOR = {Peter Bartlett}
TITLE = {Covering numbers, Chaining and Dudley's Entropy Integral}
URL={www.cs.berkeley.edu/~bartlett/courses/281b-sp06/lecture24.ps}
year = {2006}
}

 @article{Rudelson_Vershynin,
AUTHOR = {Mark Rudelson and Roman Vershynin},
TITLE = {Combinatorics of Random Processes and sections of convex bodies},
JOURNAL = {Annals of Mathematics},
YEAR = {2006},
VOLUME = {164},
PAGES = {603-648},
}


@inproceedings{BousquetBoucheronLugosi,
  author    = {Olivier Bousquet and
               St{\'e}phane Boucheron and
               G{\'a}bor Lugosi},
  title     = {Introduction to Statistical Learning Theory},
  booktitle = {Advanced Lectures on Machine Learning},
  year      = {2003},
  pages     = {169-207},
  ee        = {http://springerlink.metapress.com/openurl.asp?genre=article{\&}issn=0302-9743{\&}volume=3176{\&}spage=169},
  crossref  = {DBLP:conf/ac/2003ml},
  bibsource = {DBLP, http://dblp.uni-trier.de}
}


  @book {Dudley,
    AUTHOR = {Dudley, Richard M.},
     TITLE = {Uniform central limit theorems},
    SERIES = {Cambridge Studies in Advanced Mathematics},
    VOLUME = {63},
 PUBLISHER = {Cambridge University Press},
   ADDRESS = {Cambridge},
      YEAR = {1999},
     PAGES = {xiv+436},
      ISBN = {0-521-46102-2},
   MRCLASS = {60F17 (60B10 60G15 62G30)},
  MRNUMBER = {MR1720712 (2000k:60050)},
MRREVIEWER = {Winfried Stute},
}



@unpublished{CMNII,
AUTHOR = {Charles Fefferman and Sanjoy Mitter and Hariharan Narayanan},
TITLE = {Testing the Manifold Hypothesis, (in preparation)},
}
}

%
%\bibitem{Lafon}
%R.R. Coifman, S. Lafon, {\it Diffusion maps}, Applied and
%Computational Harmonic Analysis: Special issue on Diffusion Maps and
%Wavelets, Vol 21, July 2006, pp 5-30.

%\bibitem{Dudley}
%R.M. Dudley, S.R. Kulkarni, T.J. Richardson, O. Zeitouni, {\it A
%Metric Entropy Bound is Not Sufficient for Learnability}, IEEE
%Transactions on Information Theory, Vol. 40, No. 3, pp. 883-885,
%May, 1994.

 @book {tubes,
    AUTHOR = {Gray, Alfred},
     TITLE = {Tubes},

 PUBLISHER = {Birkhauser Verlag},

      YEAR = {2004},
     }

%@article{HastieStuetzle,
%AUTHOR = {Trevor Hastie and Werner Stuetzle},
%TITLE = {Principal Curves},
%JOURNAL = {Journal of the American Statistical Association},
%VOLUME = {84},
%YEAR = {1989},
%PAGES = {502-516},
%}



 @book {nomizu,
    AUTHOR = { Shoshichi Kobayashi and  Katsumi Nomizu },
     TITLE = {Foundations of differential goemetry},
    SERIES = {Interscience Tracts in Pure and Applied Math.},
    VOLUME = {15},
      YEAR = {1963},
}
\bibitem{nomizu}
S. Kobayashi and K. Nomizu, {\it Foundations of differential
geometry}, Interscience Tracts in Pure and Applied Math., No. 15,
1963



\bibitem{LLE}
Roweis, S.~T., \& Saul, L.~K.
{\it Nonlinear dimensionality reduction by locally linear embedding.}
{Science}, {\em 290}, 2323--2326, 2000.

\bibitem{ISOMAP}
Tenenbaum, Josh and Vin de Silva, and John Langford
{\it A Global Geometric Framework for Nonlinear Dimensionality
  Reduction}.
{ Science}, {\em 290}, 2319--2323.

\bibitem{Vapnik}
V Vapnik, {\it Statistical Learning Theory},  Wiley 1998.
 @book {Vapnik,
    AUTHOR = {Vapnik, Vladimir},
     TITLE = {Statistical Learning Theory},
    SERIES = {Wiley},
      YEAR = {1998},
}

@article{Feff_ext04,
AUTHOR = {Fefferman, Charles},
TITLE = {Interpolation and extrapolation of smooth functions by linear operators},
journal =  {Rev. Mat. Iberoamericana},
volume = { 21},
number = { 1},
year =  {2005},
pages = {313-348},
}
@article{Feff_jets2,
AUTHOR = {Fefferman, Charles},
TITLE = {The $C^m$ Norm of a Function with Prescribed Jets II},
journal =  {Rev. Mat. Iberoamericana},
volume = { 25},
number = { 1},
year =  {2009},
pages = {275-421},
}

@article{MaximumVariance,
 author = {Weinberger, Kilian Q. and Saul, Lawrence K.},
 title = {Unsupervised Learning of Image Manifolds by Semidefinite Programming},
 journal = {Int. J. Comput. Vision},
 year = {2006},
 volume = {70},
 number = {1},
 pages = {77--90},
}

@article{vaidya,
AUTHOR = {Vaidya, Pravin M.},
TITLE = {A new algorithm for minimizing convex functions over convex sets},
journal =  {Mathematical Programming},
volume = {73},
number = { 3},
year =  {1996},
pages = {291-341},

}

@article{valiant,
 author = {Valiant, L. G.},
 title = {A theory of the learnable},
 journal = {Commun. ACM},
 issue_date = {Nov. 1984},
 volume = {27},
 number = {11},
 month = nov,
 year = {1984},
 issn = {0001-0782},
 pages = {1134--1142},
 numpages = {9},
 url = {http://doi.acm.org/10.1145/1968.1972},
 doi = {10.1145/1968.1972},
 acmid = {1972},
 publisher = {ACM},
 address = {New York, NY, USA},
 keywords = {inductive inference, probabilistic models of learning, propositional expressions},
}

@article{KarmarkarRiem,
author = {Karmarkar, N.},
title = {Riemannian Geometry underlying interior point methods for Linear Programming},
journal = {Contemporary Mathematics},
volume = {114},
year = {1990},
pages ={51--75}
}

@ARTICLE{NestRiem,
    author = {Yu. E. Nesterov and M. J. Todd},
    title = {On the Riemannian geometry defined by self-concordant barriers and interior-point methods},
    journal = {Found. Comput. Math},
    year = {2002},
    volume = {2},
    pages = {333--361}
}


@article{KT1,
author = { A. Knutson and T. Tao},
title =  {Honeycombs and Hermitian Matrices},
journal = {Notices of the AMS},
volume = {48},
number = {2},
year = {2003},
}

@article{FMN,
author = { Charles L. Fefferman and  Sanjoy K. Mitter and Hariharan Narayanan},
title =  {Testing the Manifold Hypothesis},
journal         = {http://arxiv.org/pdf/1310.0425v1.pdf},
year = {2013},
}

@inproceedings{sasha,
  author    = {Hariharan Narayanan and
               Alexander Rakhlin},
  title     = {Random Walk Approach to Regret Minimization},
  booktitle = {NIPS},
  year      = {2010},
  pages     = {1777-1785},
  ee        = {http://books.nips.cc/papers/files/nips23/NIPS2010_0871.pdf},
  crossref  = {DBLP:conf/nips/2010},
  bibsource = {DBLP, http://dblp.uni-trier.de}
  }

  @inproceedings{kannan,
 author = {Kannan, Ravi and Narayanan, Hariharan},
 title = {Random walks on polytopes and an affine interior point method for linear programming},
 booktitle = {Proceedings of the 41st annual ACM symposium on Theory of computing},
 series = {STOC '09},
 year = {2009},
 isbn = {978-1-60558-506-2},
 location = {Bethesda, MD, USA},
 pages = {561--570},
 numpages = {10},
 url = {http://doi.acm.org/10.1145/1536414.1536491},
 doi = {10.1145/1536414.1536491},
 acmid = {1536491},
 publisher = {ACM},
 address = {New York, NY, USA},
 keywords = {optimization, randomized algorithms},
}
 @article{huo,
    AUTHOR = {Huo, Xiaoming and Ni, Xuelei and Smith, Andrew},
     TITLE = {A Survey of Manifold - based learning methods},
     JOURNAL = {Recent Advances in Data Mining of Enterprise Data},
     year = {2008},
     }
@MISC{bb1,
    author = {David L. Donoho},
    title = {Aide-Memoire. High-Dimensional Data Analysis: The Curses and Blessings of Dimensionality},
    year = {2000}
}

\bibitem{bb2}
M. Ledoux, ``The Concentration of Measure Phenomenon,'' Math. Surveys and Monographs, Vol. 87, AMS, 2001.

@book{bb2,
author = {Ledoux, M.},
title = {The Concentration of Measure Phenomenon},
publisher = {Math. Surveys and Monographs, AMS},
volume = {87},
year = {2001},
}

\bibitem{cc}
D. Donoho and C. Grimes, ``Local isomap perfectly recovers the underlying parametrization for families of occluded/lacunary libraries of articulated images,'' {\it IEEE Trans. on Comp. Vision and Pattern Recognition\/}, 2003.

@MISC{Donoho03hessianeigenmaps:,
    author = {David L. Donoho and Carrie Grimes},
    title = {Hessian Eigenmaps: New Locally Linear Embedding Techniques For High-Dimensional Data},
    year = {2003}
}

\bibitem{dd}
T. Hastie and W. Stuetzle, ``Principal Curves,'' {\it J. Am. Stat. Assoc.} {\bf 84}, 502--516, 1988.

\bibitem{ee}
T. Martinetz and K. Schulten, ``Topology representing networks,'' {\it Neural Networks} {\bf 7}, 507--523, 1994.

@article{ee,
 author = {Martinetz, Thomas and Schulten, Klaus},
 title = {Topology Representing Networks},
 journal = {Neural Netw.},
 issue_date = {1994},
 volume = {7},
 number = {3},
 month = mar,
 year = {1994},
 issn = {0893-6080},
 pages = {507--522},
 numpages = {16},
 url = {http://dx.doi.org/10.1016/0893-6080(94)90109-0},
 doi = {10.1016/0893-6080(94)90109-0},
 acmid = {187741},
 publisher = {Elsevier Science Ltd.},
 address = {Oxford, UK, UK},
 keywords = {Delaunay triangulation, Hebb rule, Voronoi polyhedron, path planning, path preservation, proximity problems, topology preserving feature map, topology representation, winner-take-all competition},
}


\bibitem{ff}
M. Polito and P. Perona, ``Grouping and dimensionality reduction by locally linear embedding,'' {\it Advances in Neural Information Processing Systems} {\bf 14}, eds. T. Diettevich and S. Becker, Z. Ghahramani, MIT Press, 2002.

@INPROCEEDINGS{ff,
    author = {Marzia Polito and Pietro Perona},
    title = {Grouping and Dimensionality Reduction By Locally Linear Embedding},
    booktitle = {Advances in Neural Information Processing Systems 14},
    year = {2001},
    pages = {1255--1262},
    publisher = {MIT Press}
}
\bibitem{gg}
J. Tennenbaum, V. De Silva, and J. Langford, ``A Global Geometric Framework for Nonlinear Dimension Reduction," {\it Science}, 290: 2319--2323, 2000.

@article{gg,
author = {Tenenbaum, Joshua B. and Silva, Vin de and Langford, John C.},
title = {A Global Geometric Framework for Nonlinear Dimensionality Reduction},
volume = {290},
number = {5500},
pages = {2319-2323},
year = {2000},
doi = {10.1126/science.290.5500.2319},
}

\bibitem{hh}
Z. Zhang and H. Zha, ``Principal Manifolds and Nonlinear Dimension Reduction via Local Tangent Space Alignment,'' arXiv:cs/0212008v1 [cs.LG] (http://arxiv.org/abs/cs/0212008v1), 7 Dec 2002.
@ARTICLE{hh,
    author = {Zhenyue Zhang and Hongyuan Zha},
    title = {Principal Manifolds and Nonlinear Dimension Reduction via Local Tangent Space Alignment},
    journal = {SIAM Journal of Scientific Computing},
    year = {2002},
    volume = {26},
    pages = {313--338}
}

\bibitem{ii}
V. Vapnik, {\it Estimation of Dependencies based on Empirical Data\/}, 2nd ed., Springer 2006.

@book{ii,
 author = {Vapnik, Vladimir},
 title = {Estimation of Dependences Based on Empirical Data: Springer Series in Statistics (Springer Series in Statistics)},
 year = {1982},
 isbn = {0387907335},
 publisher = {Springer-Verlag New York, Inc.},
 address = {Secaucus, NJ, USA},
}

@book{MaFu,
author = {Ma, Yunqian  and Fu, Yun},
title = {Manifold Learning: Theory and Applications},
publisher = {CRC press},
year = {2011},
}

